5185 6276
1211 719 2236 816 RunoLPH1NA
2359 723 3145 826 Pssnronuae
3408 745 3413 750 ’
3578 762 3683 848 μ

3746 907 3925 980 Run.
3961 908 4083 982 1113

1000 1039 1344 1131 Novum
1373 1039 1564 1128 inde
1599 1037 1910 1128 bellum
1939 1037 2042 1128 A.
2085 1071 2126 1126 1
2155 1066 2206 1152 3
2228 1066 2379 1154 29.
2413 1037 2804 1151 surrexit,
2860 1043 3277 1135 funestum
3310 1042 3685 1136 Badenfi-

671 1211 921 1302 flbus..
1031 1205 1470 1298 Bertoldus
1503 1205 1961 1328 Episcopus
2009 1212 2235 1298 enim
2283 1207 2376 1299 &
2411 1211 2707 1298 civitas
2742 1210 3355 1328 Argentinenfis
3378 1217 3685 1332 junffis

674 1384 1031 1489 viribuS,
1087 1379 1454 1478 ,castrum
1501 1378 1740 1490 illud,
1797 1381 2216 1471 obfidione
2265 1403 2603 1500 captum
2620 1449 2644 1491 ,
2701 1379 2873 1470 solo
2910 1409 3365 1503 aequarunt.
3480 1387 3685 1481 Vim

671 1551 1142 1643 Reinboldo
1190 1514 1506 1640 matam
1541 1551 2048 1672 ‘Rudolphus
2080 1552 2241 1645 IV.
2291 1553 2671 1642 Marc-hio
2687 1620 2710 1662 ,
2769 1554 3029 1644 distus
3072 1556 3683 1652 Pforzheimen-

675 1720 813 1848 iis,
872 1720 963 1811 &
1011 1717 1324 1810 Comes
1373 1721 2143 1840 Wirtembergenfis
2190 1724 2715 1831 vindicaturi,
2772 1720 3033 1811 duciis
3071 1754 3226 1842 per
3258 1723 3687 1842 Rudolphi

667 1889 919 1977 nostri
953 1887 1283 1976 senioris
1317 1910 1582 1978 terras
1623 1893 2060 2001 militibus,
2095 1895 2443 1984 ditiones
2480 1897 2883 1987 invadunt
2924 1893 3342 2014 Episcopi,
3376 1927 3480 1984 eo
3514 1925 3689 1982 ma-
3808 1947 3815 1954 ·

673 2062 802 2175 gis
837 2063 1276 2173 commoti,
1335 2062 1562 2179 quod
1595 2061 2144 2182 Rudolphum
2178 2064 2628 2173 seniorem,
2679 2085 3024 2181 propter
3056 2061 3471 2152 affinitatis
3509 2066 3688 2153 vin-

671 2231 972 2337 culum,
1007 2261 1060 2317 a
1091 2230 1354 2319 libero
1389 2234 1722 2320 transitu
1755 2233 2024 2323 hostes
2055 2232 2240 2324 suos
2277 2234 2883 2364 prohibiturum
2916 2231 3397 2350 speraverat.
3448 2303 3461 2318 .
3512 2229 3688 2318 Ru-

661 2397 1024 2524 ⁴dolphus
1057 2401 1471 2524 Episcopo
1489 2475 1512 2517 ,
1569 2406 1651 2493 id
1686 2406 2232 2524 exprobranti
2252 2469 2276 2512 ,
2334 2425 2745 2491 terrarum
2777 2405 2949 2518 ejus
2990 2399 3069 2490 se
3118 2430 3289 2487 non
3341 2397 3498 2487 ess’e
3548 2431 3688 2487 cu-

671 2573 984 2662 stodem
1001 2641 1024 2684 ,
1076 2573 1513 2696 respondit.
1627 2571 2078 2692 Episcopus
2129 2569 2794 2661 Marchionatum
2828 2569 3281 2662 Badensem
3333 2603 3527 2660 cum
3569 2570 3691 2660 so-

672 2746 819 2834 ciis
853 2742 1013 2833 suis
1049 2743 1438 2863 ingressus
1472 2811 1496 2852 ,
1567 2766 1852 2866 aperta
1891 2743 2161 2831 ubivis
2193 2737 2379 2827 loca
2416 2737 2703 2826 misere
2736 2740 3088 2830 foedavit
3120 2743 3513 2830 incendiis
3546 2809 3568 2852 ,
3641 2776 3691 2832 a

673 2939 842 3052 qua
900 2911 1363 3002 calamitate
1395 2910 1967 3004 Stollhovium
2013 2935 2338 3002 tantum
2385 2909 2476 3002 &
2525 2910 2841 3000 Badam
2904 2912 3208 3030 oppida
3260 2914 3690 3046 moenibus

670 3083 986 3213 cimsta,
1057 3085 1580 3205 perstiterunt
1641 3087 2062 3176 immunia.
2180 3080 2656 3174 Flammam
2722 3081 2935 3169 hanc
3009 3082 3385 3171 extinxit
3435 3079 3648 3170 Otto
3666 3152 3691 3195 ,

663 3248 885 3341 Dux
914 3254 1314 3363 Austriae,
1347 3259 1485 3373 qui
1518 3253 2166 3343 Bischoffshemii
2199 3253 2302 3341 ad
2331 3252 2762 3358 Rhenum,
2814 3252 3005 3337 data
3038 3248 3512 3337 Reinboldo
3548 3280 3690 3373 pe-

672 3422 914 3510 cunia
943 3490 968 3533 ,
1043 3446 1139 3513 ut
1200 3422 1933 3547 Stauffenbergam
1999 3420 2544 3510 reaedificaret
2575 3484 2601 3529 ,
2690 3418 2971 3508 omnia
3026 3420 3132 3507 ad
3198 3445 3493 3537 pacem
3560 3446 3692 3502 re·-

672 3590 931 3683 duxit.
989 3598 1154 3711 (e)

2033 3937 2054 3958 .
2166 3866 2260 3959 X
2273 3866 2387 3959 X.

1001 3986 1484 4157 Postquam
1529 4038 1600 4127 F
1599 4038 1924 4127 riderici
1972 3867 2386 4128 {ustriaci
2435 4034 2794 4131 aemulus
2836 4036 2923 4125 in
2956 4030 3321 4150 Imperio
3366 4058 3690 4149 praeva-
3743 4068 3905 4135 Lud.
3921 4068 4075 4137 Bam·

669 4206 934 4303 luiffet
950 4277 974 4320 ,
1027 4204 1502 4337 Lufiovicus
1551 4207 1938 4298 Bavariae
1979 4206 2194 4297 Dux
2209 4274 2233 4317 ,
2286 4211 2394 4297 ab
2441 4208 2680 4349 hujus
2732 4234 3066 4337 quoque
3103 4205 3477 4322 partibus
3509 4203 3690 4292 Ru·
3744 4158 4055 4223 ὤπτα·

693 4578 702 4599 “
873 4579 992 4667 (e)
1004 4580 1214 4649 Testis
1227 4578 1414 4663 hujus
1427 4582 1586 4649 belli
1607 4586 1696 4653 est
1709 4590 1768 4653 A
1785 4612 1832 4655 L
1847 4612 1890 4655 n
1909 4610 1955 4653 1:
1969 4530 2028 4653 ιιο
2039 4608 2156 4653 ‘ro
2171 4586 2296 4651 sA
2314 4607 2361 4648 R
2377 4524 2485 4648 oni
2503 4602 2556 4646 n
2573 4602 2643 4645 τ.
2662 4529 2731 4643 in
2745 4578 2877 4642 vita
2892 4572 3169 4653 Bertoldi
3184 4572 3391 4657 Episc.
3410 4572 3687 4657 Argent.

887 4798 898 4809 ,
1083 4724 1253 4809 apud
1275 4722 1338 4789 U
1353 4744 1400 4787 n
1417 4742 1453 4789 s
1469 4746 1514 4789 'r
1533 4742 1560 4790 1
1579 4744 1636 4793 s.
1659 4724 1804 4795 Rer.
1829 4725 2038 4795 Germ.
2091 4724 2257 4791 Part.
2273 4722 2307 4786 1
2321 4721 2374 4788 Ι.
2413 4740 2558 4807 pag.
2575 4683 2709 4795 1²10.
2798 4714 3033 4788 Badam
3062 4712 3383 4780 moenibus
3415 4709 3689 4779 cinam

1085 4864 1214 4932 effe
1241 4866 1480 4939 A.1330.
1509 4868 1714 4935 refert
1740 4867 1800 4935 K
1814 4888 1859 4935 o
1881 4888 1929 4935 ι
1944 4886 1996 4957 ‚⁸
2011 4887 2042 4933 1
2061 4882 2109 4954 ᾳ
2123 4882 2157 4933 s
2169 4884 2223 4939 n
2237 4884 2282 4949 ᾳ
2303 4882 2358 4931 v
2371 4882 2420 4931 ιι
2433 4882 2486 4929 ιι
2515 4856 2733 4925 aaron.
2748 4852 2947 4952 Alsat.
2979 4874 3126 4953 pag.
3138 4865 3283 4939 387.
3318 4854 3431 4924 ubi
3446 4852 3515 4923 &
3527 4852 3687 4921 bem

1091 5008 1282 5099 hujus
1307 5012 1558 5081 mentio
1585 5010 1682 5081 fit.
