5185 6276
1034 681 2125 790 fRuDoLPHINA
2244 677 3034 768 PERIODUs
3454 707 3559 793 ῃ

3385 843 3394 854 ’
3630 851 3681 918 F
3685 873 3839 917 mn.
3871 849 3958 916 11.

565 987 657 1076 &
688 983 1129 1095 Gertrudis
1166 991 1553 1103 conjuges
1584 988 1687 1076 A.
1715 1016 1955 1101 1319.
1988 985 2381 1076 Ecclefiae
2418 985 2826 1076 Bafilienfi
2855 987 2946 1076 &
2981 949 3299 1094 Ulricn,
3339 981 3572 1072 Phir-

562 1155 861 1242 retenfi
894 1153 1205 1254 comiti
1222 1226 1245 1269 ‚
1296 1184 1452 1274 pro
1495 1157 1867 1246 ducentis
1900 1157 2199 1244 marcis
2237 1157 2555 1272 argenti
2584 1155 3151 1245 vendiderunt.
3187 1155 3344 1270 (i)

1796 1327 1873 1445 Β.
1992 1322 2331 1415 XXII.

586 1571 605 1582 .
845 1592 852 1599 ,
902 1442 1183 1590 Obiit
1214 1498 1563 1616 denique
1595 1495 2085 1614 Rudolphus
2118 1493 2301 1583 III.
2332 1492 2702 1610 improlis
2753 1491 2916 1586 IV.
2964 1493 3184 1584 Non.
3217 1488 3583 1585 Februa-
3641 1522 3898 1590 Obitus.
3947 1515 3952 1521 ’

574 1663 677 1752 rii
712 1661 817 1752 A.
857 1695 898 1750 1
926 1692 977 1778 3
1003 1693 1053 1778 3
1076 1695 1151 1760 2.
1224 1667 1655 1784 postquam
1688 1664 2185 1754 monasterio
2218 1660 2566 1752 Lucidae
2600 1661 2866 1755 Vallis
2885 1732 2906 1773 ‚
2977 1671 3064 1752 in
3113 1697 3282 1784 quo
3331 1667 3588 1786 sepul-
3701 1755 3708 1760 .

576 1849 711 1916 tus
767 1829 926 1938 est,
982 1831 1153 1950 (k)
1215 1857 1551 1923 centum
1580 1865 1902 1924 marcas
1936 1830 2285 1950 legass'et.
2322 1837 2465 1944 (l)
2578 1831 3109 1924 Praecesserat
3149 1869 3343 1927 eum
3369 1841 3590 1932 ,Ger-

582 2005 845 2094 trudis
881 2035 1103 2094 uxor
1134 2006 1295 2097 VI.
1330 2005 1743 2096 Kalendas
1776 2001 2083 2122 Aprilis
2119 2003 2221 2092 A.
2249 2034 2288 2090 1
2318 2031 2367 2116 3
2390 2031 2443 2096 2
2466 2033 2543 2121 7.
2576 2024 2670 2089 ut
2703 2031 2818 2088 ex
2851 2005 3270 2120 epitaphio
3306 2008 3478 2120 ejus
3509 2011 3596 2094 in

584 2169 883 2258 eodem
912 2173 1411 2264 monasterio
1448 2175 1788 2262 constat.
1838 2177 2033 2287 (m)

838 2423 2878 2550 FRIDERICUS
3081 2431 3344 2538 ΙΙ.

1797 2639 1879 2758 5.
1992 2639 2397 2734 XXIII.

925 2749 1319 2898 Mortuo
1364 2831 1603 2928 patre
1648 2809 2139 2901 Hermanno
2160 2883 2183 2924 ‚
2264 2844 2460 2901 cum
2492 2827 2791 2934 patruo
2825 2809 2969 2902 suo
3001 2807 3452 2930 Rudolpho
3489 2808 3610 2899 ΙΙ.
3657 2822 3942 2889 Frideri.

600 2980 1065 3071 monasterii
1111 2977 1671 3087 Dominorum
1718 2989 1803 3072 in
1837 2984 2059 3075 Alba
2090 2986 2610 3075 advocatiam
2628 3051 2650 3094 ,
2703 3008 2802 3072 ut
2835 2980 3072 3102 supra
3115 2983 3283 3092 (n)
3336 2975 3613 3064 retuli-
3662 2931 3778 2974 ωε
3803 2909 3870 2976 11

582 3178 830 3258 mus,
880 3117 1089 3237 ..1
1114 3177 1167 3243 2
1188 3180 1241 3264 9
1274 3182 1339 3238 1.
1391 3153 1475 3239 in
1526 3149 1602 3239 se
1652 3151 2019 3273 suscepit,
2094 3156 2529 3273 eidemque
2584 3151 2868 3242 villam
2899 3138 3615 3261 Langeaefieinbach
3787 3263 3802 3271 -

497 3306 513 3317 ’
609 3351 767 3439 pro
818 3320 1017 3411 DL.
1068 3324 1296 3411 libris
1351 3322 1874 3414 Hallenfibus
1924 3328 2025 3413 A.
2072 3358 2108 3411 1
2135 3355 2264 3440 29
2290 3333 2362 3411 ὁ.
2406 3318 2826 3452 vendidit,
2903 3312 3282 3399 Marchio
3320 3310 3422 3395 de
3455 3306 3618 3393 Ba-

616 3502 771 3593 den
804 3498 1263 3617 simpliciter
1298 3499 1582 3589 di&us.

938 3668 1042 3757 A.
1088 3696 1120 3757 1
1153 3696 1202 3783 3
1222 3694 1379 3785 04.
1409 3666 1571 3786 ipse
1606 3697 1797 3754 cum
1845 3664 2101 3753 fratre
2134 3659 2277 3753 suo
2310 3656 2761 3781 Rudolphq
2796 3649 2944 3744 IV.
3000 3654 3103 3740 ab
3138 3646 3484 3737 Alberto
3521 3644 3626 3737 de

591 3825 1212 3982 ‘Remichingem
1286 3836 1685 3957 quidquid
1732 3835 1871 3927 ille
1910 3840 2119 3953 juris
2172 3838 2257 3922 in
2311 3832 2571 3921 castro
2627 3824 2742 3917 sui
2795 3822 3154 3911 nominis
3205 3816 3630 3923 habuerat,

750 4036 919 4104 Tom.
934 4036 1047 4109 II.
1750 4126 1775 4153 ο
2332 4001 2414 4093 Ε

827 4270 937 4351 (ι’)
978 4260 1213 4331 Charta
1236 4256 1633 4325 venditionis
1663 4273 1761 4337 ap.
1778 4250 1843 4315 H
1860 4271 1905 4315 Β
1925 4272 1971 4313 R
1990 4272 2039 4315 n
2056 4268 2105 4315 G
2121 4270 2167 4315 ο
2185 4270 2230 4313 τ
2252 4271 2321 4313 τ.
2354 4246 2585 4313 Geneat.
2614 4234 2848 4307 Habsb.
2870 4234 3028 4303 Cod.
3067 4231 3242 4315 Dipl.
3270 4248 3442 4293 num.
3459 4240 3592 4309 725.

834 4416 963 4500 (k)
1002 4408 1046 4477 S
1061 4426 1232 4473 cmx
1250 4425 1298 4469 n
1316 4422 1431 4467 NA
1447 4424 1515 4467 τ.
1552 4395 1619 4465 V
1617 4391 1830 4461 indm.
1860 4392 1985 4459 Lit.
2016 4388 2287 4457 Colle&-
2306 4408 2351 4455 1.
2381 4409 2441 4476 p.
2464 4392 2588 4460 163·
2621 4383 2788 4449 male
2816 4378 3012 4445 habet
3037 4374 3116 4439 A.
3134 4390 3279 4443 1331·

834 4564 939 4645 (t)
976 4560 1081 4627 lta
1104 4550 1523 4639 Epitaphium
1547 4546 1637 4611 ibi
1666 4542 1953 4628 loquitur
1976 4556 1991 4602 z
2067 4538 2260 4603 Anno
2290 4533 2420 4597 Dni
2446 4527 2575 4595 Mc
2589 4526 2640 4592 C
2656 4524 2706 4590 C
2723 4524 2788 4588 X
2807 4520 2870 4586 X
2891 4516 3063 4642 XiI.
3085 4514 3174 4589 0.,
3191 4508 3492 4627 Rndolph
3517 4509 3636 4577 Sea.
