5185 6276
1293 892 3613 921 mmmm—-

1293 927 1974 949 ffl-

601 1222 780 1282 tum
811 1188 1071 1283 millia
1099 1190 1189 1279 ὃ(
1221 1185 1540 1307 equites
1573 1188 2196 1306 quadringenti,
2254 1192 2358 1277 ab
2394 1190 2789 1311 Adolpho
2822 1197 2907 1285 in
2956 1196 3385 1309 subfidium
3435 1198 3619 1287 mis-
3666 1238 3677 1251 ·

599 1363 696 1472 fi,
753 1359 830 1448 se
879 1358 1303 1447 foederatis
1363 1357 1852 1474 junxerunt.
1965 1358 2132 1473 Hi,
2188 1358 2478 1451 relicto
2511 1366 2596 1449 in
2634 1362 2911 1452 calhis
2948 1364 3351 1483 peditatu,
3426 1397 3620 1459 cum
3700 1390 3710 1397 '

605 1530 1098 1646 octingentis
1131 1531 1544 1652 equitibus
1579 1533 1758 1647 (g)
1807 1534 1888 1619 in
1941 1556 2248 1652 campo
2291 1526 2456 1621 late
2489 1554 2821 1651 patente
2856 1532 3250 1623 Rhenum
3286 1540 3497 1623 inter
3532 1542 3621 1629 &

604 1698 960 1791 Nicrum
981 1760 1004 1805 ‚
1029 1698 1273 1809 juxta
1306 1691 2000 1787 Seckenhemium
2026 1766 2049 1807 ,
2082 1697 2286 1815 Pagi
2313 1697 2933 1790 Lobodunenfis
2974 1700 3291 1809 vicum,
3338 1702 3624 1819 palan-

606 1889 732 1957 tes
766 1896 1027 1984 quum
1061 1892 1398 1984 agerent
1417 1936 1440 1981 ‚
1473 1897 1754 1995 rerum
1787 1867 2116 1957 suarum
2149 1872 2500 1961 nimium
2529 1872 2807 1984 securi,
2852 1868 3343 1987 Fridericus‚
3376 1834 3631 1993 quem

611 2038 1153 2159 longinquum
1178 2038 1718 2153 crediderant,
1751 2068 1894 2131 eos
1935 2068 2049 2129 ex
2075 2042 2529 2161 improviso
2569 2040 2979 2161 aggreffus
3012 2039 3128 2131 est
3158 2040 3230 2133 d.
3250 2040 3454 2134 XX
3473 2045 3514 2135 I
3534 2042 3628 2135 X

617 2216 837 2331 Junii
873 2245 988 2304 ex
1019 2201 1224 2305 filva‘
1249 2218 1526 2305 vicina
1563 2244 1756 2302 cum
1793 2213 2022 2301 mille
2056 2216 2470 2331 equitibus
2508 2212 2684 2331 (h)
2739 2215 3009 2306 subito
3058 2241 3630 2335 prorumpens

621 2384 943 2505 Singuli
993 2388 1310 2504 equites
1360 2385 1586 2485 suum
1636 2386 2000 2505 peditem
2049 2384 2503 2489 vehebant3
2556 2386 2701 2502 qui
2738 2416 2859 2473 ex
2894 2390 3138 2503 equis
3178 2384 3635 2475 desilientes

619 2534 933 2648 hostem
985 2560 1487 2677 imparatum
1531 2556 1797 2646 adorti
1818 2625 1842 2670 ,
1932 2558 2038 2647 ad
2087 2554 2587 2647 deditionem
2642 2570 3118 2673 coegerunt.
3233 2556 3639 2677 Spirensis

624 2726 1074 2846 Episcopus
1125 2724 1340 2814 solus
1375 2704 1662 2813 evasit.
1777 2721 2058 2842 Ceteri
2109 2710 2400 2813 omnes
2456 2725 2701 2841 capti.
2816 2719 3198 2812 Marchio
3254 2754 3449 2812 cum
3497 2724 3643 2837 Jo-

626 2897 894 2987 banne
910 2898 983 2986 F
982 2896 1547 2987 leckensteinio
1579 2888 1677 2982 X
1693 2888 1790 2981 X
1806 2884 1890 2983 V
1909 2890 1968 2981 I.
1990 2887 2376 3003 Dynastis
2411 2893 2500 2984 &
2532 2890 2607 2981 C
2625 2891 2718 2983 X
2734 2892 2850 2985 X.
2882 2894 3323 2985 Nobilibus
3359 2898 3447 2983 in
3464 2892 3531 2980 F
3534 2902 3642 2984 ri-

635 3069 881 3159 derici
912 3066 1259 3160 Palatini
1295 3062 1779 3188 potestatem
1811 3062 2211 3183 pervenit.
2313 3060 2566 3151 Pauci
2600 3067 3171 3153 occubuerunt
3202 3065 3285 3150 in
3322 3062 3652 3182 proelia·

632 3239 970 3358 Copiae,
1040 3266 1231 3357 quae
1268 3237 1354 3326 in
1390 3217 1668 3326 castris
1703 3231 2293 3346 remanserant,
2365 3233 2647 3324 audita
2698 3236 3173 3357 Principum
3223 3239 3495 3352 clade,
3552 3243 3645 3330 fi-
3748 3304 3751 3308 -

634 3419 716 3506 bi
765 3418 968 3534 fuga
1021 3368 1616 3504 consuluerunt.
1763 3403 2058 3501 Vistor
2109 3434 2161 3494 a
2208 3406 2442 3496 caede
2493 3407 2997 3524 fugientium
3034 3409 3449 3521 abstinuit,
3505 3443 3645 3498 co·

527 3615 532 3620 ’
633 3595 944 3709 piisque
1006 3585 1366 3677 reductis
1417 3586 1752 3697 eodem,
1807 3612 1978 3701 quo
2035 3606 2502 3702 pugnatum
2540 3583 2657 3671 est
2686 3583 2819 3671 die
2839 3650 2863 3693 ,
2918 3581 3447 3677 Ludovicum
3492 3583 3653 3674 Ba-

637 3761 896 3847 variae
927 3757 1264 3846 Ducem
1285 3823 1308 3866 ‚
1362 3755 1718 3864 socium,
1776 3749 2264 3842 devictoria
2296 3752 2385 3843 &
2415 3753 2671 3840 trium
2706 3750 3183 3874 Principum
3218 3760 3651 3874 captivita-

639 3953 722 4020 te
755 3929 1014 4017 literis
1049 3885 1394 4018 reddidit
1434 3932 1895 4048 certiorem.
1929 3923 2082 4039 (i)
2883 3905 2889 3913 ⁵

2253 4089 2334 4186 Y
2396 4119 2440 4214 3
2548 4212 2554 4218 ,

845 4443 976 4528 (g)
1017 4441 1374 4506 Numerum
1405 4441 1575 4506 hunc
1613 4441 1744 4526 ipse
1761 4441 2134 4507 Fridericus
2163 4439 2376 4507 vik'tor
2406 4440 2473 4504 in
2505 4441 2721 4506 literis
2752 4442 2831 4505 ad
2861 4441 3172 4506 Bavarum
3204 4445 3407 4526 ponit.

703 4645 712 4654 ,
849 4581 982 4669 (Ιι)
1021 4583 1636 4650 Hnnwrcnrns
1663 4579 1944 4652 Sectvl.
1971 4603 2122 4648 cum
2147 4579 2708 4650 Tium-rutum
2740 4581 2854 4662 ait,
2882 4577 3664 4671 Fridericum7ooAEqui-

1060 4735 1164 4787 tes
1195 4718 1473 4786 habuiffe
1505 4721 1767 4806 illisque
1796 4735 1933 4792 300.
1965 4717 2272 4784 addidisse
2298 4719 2703 4786 Dietherum.

853 4870 958 4951 (i)
1002 4869 1240 4934 Literae
1286 4870 1390 4932 hae
1441 4875 1664 4930 extant
1709 4863 1878 4948 apud
1921 4861 2034 4926 Cn
2063 4878 2102 4925 u
2126 4879 2160 4924 s
2181 4881 2211 4924 1
2233 4879 2280 4924 u
2302 4879 2359 4922 u
2387 4853 2609 4923 Annal.
2642 4853 2948 4924 Suevicor.
2982 4841 3118 4924 Lib.
3137 4831 3243 4927 V'I
3262 4857 3309 4924 J.
3340 4859 3499 4927 Part.
3521 4861 3551 4924 Ι
3570 4860 3663 4926 ΙΙ.

1069 5025 1210 5094 pag.
1225 5024 1368 5080 409.
1459 5004 1930 5070 Lauinium.
1981 4995 2200 5068 ebron.
2231 4995 2406 5084 Spir.
2433 4997 2573 5064 Lib.
2596 4996 2703 5067 VI
2716 4999 2767 5066 Ι.
2807 5017 2941 5084 cap.
2960 5003 3089 5064 106.
3120 5006 3405 5086 pag.865.
3436 5002 3495 5068 ἃ
3532 5001 3659 5089 seq.
