5185 6276
1390 663 1397 670 ’
1512 685 1677 750 120
1950 655 2555 748 HlsToR.
2673 651 3438 740 BAn-ssusm
3557 643 4060 741 L1·13.IV.

1136 847 1467 916 Bnnml.

1502 993 1753 1080 quam
1800 961 2433 1079 manuscriptam
2486 956 2818 1078 reliquit
2834 1030 2859 1073 ,
2941 961 3438 1046 contendere
3488 982 3836 1048 conatur
3855 1031 3877 1072 ,
3930 962 4504 1077 Bernhardum

1501 1137 1586 1222 in
1634 1131 2001 1225 Ecclefia
2046 1129 2511 1220 Parochiali
2565 1129 2828 1220 Badae
2877 1130 3107 1220 fuiss'e
3157 1131 3599 1250 sepultum3
3659 1157 3744 1222 at
3795 1131 3938 1221 sub
3987 1161 4291 1254 nepote
4328 1145 4502 1254 ejus

1498 1303 1804 1395 Carolo
1839 1305 1944 1392 ad
1984 1303 2400 1393 Dominos
2444 1303 2690 1394 Albae
2724 1305 3235 1396 translatum.
3349 1302 3763 1422 Equidem
3794 1301 4300 1422 sepulturam
4335 1313 4505 1425 ejus

1422 1495 1446 1510 “
1496 1478 1582 1562 in
1615 1474 1833 1564 AEde
1867 1472 2209 1562 Badenfi
2240 1473 2592 1560 admitto
2617 1539 2638 1579 ‚
2695 1473 3323 1562 translationem
3359 1475 3658 1587 rejicio,
3828 1474 4075 1564 AEdis
4127 1477 4372 1595 hujus
4419 1489 4504 1572 in

1491 1642 1945 1731 Ecclesiam
1978 1640 2523 1756 Collegiatam
2554 1639 2983 1730 conversio
3036 1669 3085 1726 a
3141 1637 3625 1728 Bernhardo
3679 1645 3958 1732 nostro
4005 1650 4176 1760 jam
4223 1651 4499 1744 fuerat

1495 1813 1822 1902 decreta
1868 1813 1971 1906 A.
2012 1844 2051 1900 1
2092 1837 2152 1918 4
2192 1840 2231 1898 1
2280 1837 2352 1924 3.
2546 1809 2791 1900 Petiit
2829 1841 2880 1896 a
2909 1807 3284 1922 Johanne
3318 1805 3712 1938 XXIII.
3747 1809 4144 1902 Pontifice
4179 1819 4507 1920 consen-

1496 1981 1709 2088 sum,
1764 2009 2021 2099 quem
2074 1981 2323 2066 etiam
2370 1976 2616 2066 Bulla
2637 2047 2661 2086 ‚
2720 1977 2825 2066 ad
2887 1976 3585 2066 Constantiensem
3635 1976 4132 2095 Episcopum
4179 1982 4512 2103 scripta,

1408 2239 1415 2248 ,
1500 2153 1869 2240 obtinuit.
2030 2145 2351 2252 Bellici,
2376 2147 2778 2235 tumultus
2825 2147 3138 2236 confilii
3196 2145 3436 2260 hujus
3498 2143 4200 2262 complementum
4251 2153 4526 2280 impe--⁶

1502 2321 1909 2410 diverunt.

1794 2449 2091 2597 ⁸Patris
2144 2483 2472 2571 decreta
2506 2484 2649 2572 sub
2721 2481 3074 2574 Nicolao
3135 2479 3236 2573 V.
3289 2481 3394 2570 A.
3435 2512 3478 2572 1
3502 2510 3557 2602 4
3579 2507 3626 2596 5
3651 2513 3722 2598 3.
3781 2485 4219 2605 complevit
4254 2487 4506 2604 'Jaco-

1496 2658 1697 2761 bus,
1752 2673 1841 2738 ut
1872 2651 2011 2738 suo
2043 2651 2227 2740 loco
2269 2652 2732 2742 docebitur.
2961 2651 3060 2741 In
3091 2649 3408 2742 Charta
3433 2721 3455 2762 ,
3513 2683 3703 2772 quae
3737 2677 3916 2742 tum
3955 2655 4106 2744 hac
4151 2657 4382 2777 super
4413 2693 4504 2749 re

1498 2826 1867 2944 scripta‚·
1914 2821 2325 2938 Miffisque
2390 2819 2845 2909 Pontificiis
2897 2851 2948 2907 a
3007 2817 3494 2908 Marchione
3567 2821 3871 2908 tradita
3955 2822 4113 2910 fuit
4169 2826 4298 2910 die
4341 2823 4510 2914 XI.
4613 2897 4618 2908 .

1500 2999 1813 3119 Aprilis
1838 3065 1859 3106 ‚
1922 2997 2103 3085 haec
2155 2997 2414 3085 verba
2483 2992 2912 3108 leguntur:
3031 3055 3077 3097 ‚‚
3137 2985 3359 3074 Cum
3391 2986 3654 3074 felicis
3687 2988 4280 3108 recordationis
4323 2988 4510 3077 Illu-

1498 3235 1547 3281 „
1660 3170 1836 3257 stris
1894 3168 2298 3285 Principis
2352 3163 2732 3253 Badenfis
2755 3227 2778 3272 ,
2833 3156 3277 3262 Bernardi‚
3334 3158 3727 3271 genitoris
3782 3156 3915 3243 seu
3964 3162 4219 3275 patris
4271 3160 4512 3276 ipsius
4677 3144 4684 3150 ⁸

1498 3404 1544 3450 ‚,
1656 3338 1945 3451 Jacobi
1965 3402 1988 3443 ‚
2043 3340 2127 3421 in
2163 3334 2327 3452 ipsa
2376 3331 2738 3421 Ecclefia
2769 3326 3108 3415 Badenfi
3168 3322 3452 3442 sepulti
3485 3324 3644 3412 ἃς.
3703 3390 3746 3431 ,,
3895 3324 4346 3417 Bernhardi
4397 3330 4512 3419 se..

1498 3504 1923 3627 pulturam
1956 3507 2041 3617 in
2076 3500 2438 3589 Ecclesia
2468 3499 2814 3589 Badenfi
2851 3496 3274 3629 eyidenter
3309 3496 3494 3582 haec
3539 3496 3854 3583 docent.
4023 3492 4506 3587 Evidentius

1496 3674 1687 3791 i'psae
1732 3671 2249 3761 Monumenti
2288 3671 2754 3791 sepulcralis
2787 3668 3168 3785 reliquiae
3199 3666 3301 3755 A.
3341 3698 3382 3754 1
3410 3694 3462 3781 7
3494 3692 3542 3778 5
3567 3692 3639 3777 3.
3675 3668 3760 3751 in
3797 3664 4087 3751 eadem
4127 3662 4264 3753 sub
4305 3666 4510 3754 alta-

1496 3846 1570 3959 ri
1612 3840 1954 3929 dete&ae
1990 3912 2013 3955 ‚
2102 3840 2465 3929 ecclefiae
2514 3840 2876 3939 chorum
2919 3839 3159 3925 novis
3214 3838 3718 3923 ornamentis
3767 3863 4030 3951 quum
4081 3832 4510 3920 decoraret

1322 4021 1342 4041 '
1492 4010 1983 4101 Ludovicus
2034 4009 2445 4126 Georgius
2496 4009 2874 4097 Marchio
2911 3984 3346 4097 ‘Badenfis
3474 4004 3558 4095 R
3579 4035 3640 4095 o
3663 4036 3720 4093 T
3747 4036 3804 4091 E
3827 4034 3892 4091 N
3922 4036 3984 4091 Β
4007 4034 4066 4091 Ε
4091 4034 4159 4089 R
4182 4031 4242 4090 G
4273 4034 4307 4091 1
4335 4032 4402 4090 U
4423 4028 4466 4089 s
4484 4070 4510 4110 ,

1494 4184 1633 4298 qui
1670 4210 1862 4266 cum
1903 4174 2265 4294 Collegis
2306 4176 2463 4271 suis
2505 4178 2850 4299 aliisque
2890 4180 3317 4298 permultis
3359 4173 3702 4293 sepulcri
3735 4171 4116 4287 reliquias
4159 4169 4469 4259 viderat
4483 4212 4514 4290 ‚·

1490 4374 1632 4433 eas
1667 4348 1785 4435 ita
1824 4344 2230 4435 describit:
2345 4412 2391 4453 „
2450 4343 2846 4436 Inventus
2899 4348 3012 4435 est
3059 4344 3566 4466 praegrandis
3627 4342 3840 4461 lapis
3889 4338 4291 4449 inversus,
4364 4340 4506 4456 qui

1494 4580 1543 4625 „
1656 4513 1845 4601 licet
1876 4516 1963 4601 in
1998 4514 2255 4601 frusta
2286 4511 2693 4624 diffictus,
2786 4516 3218 4605 manifeste
3273 4520 3362 4605 &
3415 4514 4093 4631 irrefragabiliter
4147 4512 4504 4631 speEtan-

1500 4744 1548 4790 ‚‚
1664 4684 1883 4771 tibus
1920 4684 2292 4771 exhibuit
2326 4686 2692 4807 figuram
2714 4686 3178 4805 equestrem
3229 4684 3628 4775 Bernardi
3659 4751 3682 4795 ,
3725 4716 3936 4803 ,aere
3959 4683 4257 4794 fusam,
4313 4707 4542 4771 cuma

4221 4914 4267 4955 „
4382 4848 4508 4931 in-
