5185 6276
1150 679 1156 684 .
1472 636 1583 724 90
1922 567 3403 698 H1s·ronsB'A'nnns1s
3523 602 4024 704 L1n.1V.

1097 779 1426 850 anmI.

2672 1028 2754 1149 §.
2888 1029 3288 1122 XXIII.
3463 1011 3472 1020 ’

1098 1300 1361 1367 caesaris
1802 1200 2271 1375 Rupertus
2332 1254 2698 1378 timens,
2773 1285 2880 1340 ne
2932 1253 3320 1344 foederati
3367 1255 3472 1344 ad
3519 1253 3775 1373 Regis
3825 1257 4160 1376 depositi
4215 1277 4487 1380 partes

1096 1387 1427 1540 ἓῇἷὲῃῗξ
1475 1447 2090 1516 reverterentur
2107 1489 2129 1531 ‚
2186 1419 2696 1512 dissolvendo
2712 1489 2734 1532 ,
2789 1424 3018 1542 quod
3047 1425 3209 1512 fine
3243 1417 3500 1543 ipfius
3517 1424 3953 1573 consensu
3933 1431 4230 1516 mitum
4244 1493 4268 1536 ‚
4325 1410 4526 1516 foe-'

1053 1674 1061 1682 .
1103 1560 1378 1629 ⁰⁰¹²ffli²
1476 1604 1687 1711 deri,
1729 1600 2323 1716 Moguntiam
2301 1627 2389 1684 m
2422 1597 2649 1686 diem
2683 1596 3066 1716 undecim
3115 1595 3340 1684 mille
3370 1599 3791 1713 virginum
3820 1596 3922 1684 A.
3969 1627 4007 1682 1
4031 1621 4090 1712 4
4107 1628 4161 1686 o
4183 1622 4253 1710 5.
4287 1629 4484 1686 con-

1473 1801 1820 1870 ventum
1868 1775 2203 1874 indixit3
2236 1774 2279 1882 (
2294 1774 2417 1880 x)
2488 1767 2598 1854 ad
2646 1794 2896 1883 quem
2929 1762 3348 1880 speciatim
3381 1761 3975 1880 Moguntinum
4012 1759 4482 1853 Electorem

1468 1951 1562 2040 δι
1609 1979 1803 2036 cum
1845 1939 2327 2035 Bernhardo
2376 1934 2862 2024 Marchione
2913 1931 3664 2050 Wirtenbergicum
3715 1931 4140 2022 Comitem
4176 2000 4198 2042 ,
4273 1956 4487 2022 cete-

1470 2147 1780 2234 rosque
1815 2114 2153 2203 soederis
2190 2111 2461 2198 focios
2484 2176 2507 2218 ‚
2571 2109 2977 2195 evocavit.
3093 2101 3253 2191 Per
3312 2109 3662 2194 nuncios
3714 2109 3967 2198 modo
4005 2139 4488 2228 comparue-

1474 2312 1668 2376 runt
1698 2287 2105 2375 foederati.
2218 2281 2648 2398 Rupertus
2685 2302 2885 2391 ergo
2927 2272 3266 2363 consilio
3301 2305 3494 2362 cum
3526 2279 4012 2392 proceribus
4029 2343 4052 2386 ,
4105 2282 4250 2396 qui
4297 2310 4492 2366 con-

1474 2477 1909 2564 venerant,
1961 2453 2242 2540 habito
2262 2522 2284 2564 ,
2344 2450 2447 2537 ad
2480 2448 2733 2534 alium
2767 2445 2986 2532 diem
3019 2443 3480 2531 foederatos
3516 2441 4041 2560 Moguntiatn
4079 2450 4166 2533 in
4196 2445 4493 2534 festum

1474 2621 1963 2740 Epiphaniae
1995 2621 2098 2708 A.
2130 2623 2371 2737 1446.
2406 2617 2940 2722 convocavit,
2973 2615 3116 2702 ubi
3149 2610 3363 2729 ipsos
3398 2639 3686 2698 coram
3718 2607 3978 2698 adeffe
4002 2609 4240 2726 justit,
4273 2631 4368 2697 ut
4393 2611 4492 2698 de

1475 2791 1829 2904 negotiis
1878 2785 2215 2903 Imperii
2266 2814 2463 2876 cum
2516 2781 2678 2870 illis
2713 2779 3131 2872 conferret
3147 2850 3170 2890 ‚
3225 2811 3688 2898 eorumque
3719 2787 4206 2898 gravamina
4240 2786 4496 2876 dilue*

1478 2977 1625 3042 ret.
1738 2953 2229 3072 Imperatori
2260 2981 2311 3036 a
2342 2949 2777 3036 foederatis
2810 2949 3289 3034 nunciatum
3308 3014 3332 3056 ,
3387 2950 3586 3038 nihil
3619 2949 3695 3038 se
3727 2951 4072 3063 habere,
4131 2916 4360 3075 quod
4411 2961 4494 3044 in

1482 3123 1864 3215 Comitiis
1900 3123 2001 3212 de
2032 3123 2269 3240 Rege
2304 3142 2776 3238 querantur.
2890 3114 3438 3209 Particulares
3455 3186 3478 3229 ‚
3533 3152 3730 3241 quae
3767 3123 4095 3241 {iugulis
4145 3156 4340 3214 cum
4393 3158 4494 3213 eo

1480 3296 2116 3401 intercederent,
2172 3291 2776 3379 controversias
2795 3356 2818 3398 ‚
2873 3319 3044 3377 non
3079 3294 3167 3377 in
3210 3293 3755 3379 conventibus
3792 3254 4136 3407 publicis
4155 3358 4178 3400 ‚
4233 3292 4366 3383 sed
4413 3297 4497 3383 in

1484 3471 1831 3585 privatis
1860 3461 2343 3551 tractandas.
2456 3456 2985 3547 Marbacense
3041 3481 3316 3547 autem
3364 3458 3644 3549 foedus
3664 3531 3686 3572 ‚
3744 3490 4014 3579 neque
4046 3462 4494 3582 Imperato-

1488 3632 1563 3718 ri
1594 3658 1863 3747 neque
1894 3621 2254 3744 [inperio
2288 3623 2716 3725 adversum
2750 3662 2774 3731 3
2843 3624 2977 3715 sed
3009 3626 3370 3742 publicae
3405 3628 3964 3750 tranquillitati
3997 3632 4414 3724 servandae
4447 3669 4499 3725 a

1487 3796 2007 3915 Principibus
2039 3795 2127 3884 &
2164 3790 2657 3883 Civitatibus
2695 3798 2994 3883 initum
3008 3860 3033 3902 ‚
3094 3796 3394 3885 frustra
3440 3801 3920 3915 impugnari.
4037 3800 4504 3921 Imperator

1492 3990 1771 4057 tamen
1803 3965 2227 4087 Principes
2260 3968 2347 4052 in
2380 3962 2772 4053 Comitiis
2807 3962 3245 4084 praesentes
3281 3962 3438 4053 effe
3471 3966 3842 4074 volebat3
3902 3993 4173 4061 certos
4207 4004 4353 4064 eos
4389 3975 4496 4064 es-

1496 4137 1575 4229 se
1612 4142 1911 4255 jubens
1930 4202 1951 4243 ,
2006 4139 2288 4224 omnia
2341 4139 2429 4223 in
2475 4133 2633 4269 illis
2684 4139 2947 4224 amice
2996 4136 3437 4225 tractanda.
3667 4136 4095 4259 Principes
4161 4144 4502 4261 denique

1502 4310 1607 4398 ad
1658 4308 2139 4425 proximum
2189 4328 2756 4419 conventum,
2844 4304 3310 4485 lVIoguntiae
3379 4308 3847 4403 habendum
3863 4384 3887 4427 ,
3964 4340 4362 4407 venturos
4426 4320 4502 4408 se

1503 4471 1844 4591 polliciti
1890 4472 2089 4567 sunt.

2508 4686 4512 4734 -ῌ--ό--ῲ--κ--ι--ι

1700 4776 1836 4859 (x)
1874 4776 2057 4844 conf.
2097 4778 2450 4863 Anbringm
2484 4780 2722 4869 Kayser
2779 4780 3114 4866 Ruprechts
3159 4778 3576 4867 Abgesandten
3613 4783 3716 4867 bey
3759 4782 3870 4849 den
3909 4784 4353 4877 Reichsstoedten
4391 4816 4510 4861 von

1916 4900 2119 4965 wegen
2143 4882 2247 4949 des
2269 4884 2756 4973 Marbachischen
2783 4884 3001 4954 Bands
3027 4894 3194 4976 apud
3221 4890 3354 4961 Wn
3371 4916 3422 4961 Ν
3435 4915 3473 4961 c
3493 4916 3542 4961 κ
3559 4916 3607 4962 rt
3621 4916 3690 4961 n.
3717 4896 3840 4963 loe.
3867 4899 3979 4967 cit.
4022 4920 4170 4985 pag.
4184 4909 4317 4984 276.
4334 4903 4470 4991 sqq.
