5185 6276
1469 775 1579 874 30
1917 755 2501 850 Hlsron.
2614 753 3375 849 BADENsrs
3492 751 4003 850 L1n.1V.

1085 929 1268 996 Run.
1293 925 1416 994 m.

3992 935 4486 968 Ἣ

3993 971 4484 1006 Ἥ

2644 1179 2752 1298 §-
2868 1177 3283 1272 XVIII„

1090 1415 1410 1498 'sertim
1809 1355 2168 1497 Verum
2221 1431 2444 1492 anno
2491 1399 2864 1520 sequenti
2900 1406 3319 1495 recruduit
3351 1404 3682 1496 bellum.
3792 1401 4132 1496 Civium
4168 1402 4489 1524 Argen-

1480 1579 1914 1672 tinenfium
1928 1574 2242 1695 praedia
2257 1576 2342 1662 in
2365 1573 2856 1669 Willstetten
2874 1576 2963 1667 ὅτ
2983 1578 3175 1667 alibi
3220 1581 3568 1672 vastavit
3588 1575 4107 1710 Ruclolphus'.
4171 1578 4493 1697 Argen-‚-

1483 1709 1825 1838 tinenses
1860 1776 1976 1834 ex
2001 1745 2364 1832 hostibus
2399 1743 2840 1836 nonnullos
2877 1743 3534 1866 Stauffenbergae
3599 1773 4007 1867 ceperunt.
4142 1751 4495 1844 Damnis

1482 1923 1896 2036 utrimque
1946 1915 2486 2035 compensatis
2523 1987 2547 2030 ‚
2625 1916 3035 2036 salvisque
3086 1918 3584 2036 singulorum
3626 1923 3947 2034 juribus
3981 1986 4006 2029 ‚
4077 1944 4501 2038 perpetuae
4660 1957 4669 1966 ·

1485 2089 1822 2177 tandem
1867 2091 2094 2206 pacis
2147 2083 2517 2175 formula
2563 2085 2871 2202 fignata
2932 2085 3086 2195 est,
3140 2086 3273 2174 die
3304 2073 3665 2176 'Veneris
3700 2107 3891 2172 ante
3922 2085 4203 2176 Sancli
4232 2085 4508 2181 Urba-

1492 2258 1576 2342 ni
1635 2253 1741 2343 A.
1789 2287 1830 2344 1
1863 2281 1908 2372 3
1942 2288 1981 2344 1
2008 2275 2082 2362 8.
2141 2255 2308 2368 (b)

1821 2425 2392 2538 Quadriennio
2446 2425 2665 2544 post,
2722 2425 2995 2515 mense
3043 2427 3418 2544 Augusto
3437 2496 3459 2538 ,
3512 2425 4013 2547 Rudolphus
4046 2431 4135 2521 &
4154 2428 4515 2520 Frideri·

1499 2619 1646 2680 cus
1679 2589 2202 2679 Marchiones
2237 2596 2279 2703 (
2295 2597 2394 2703 c)
2452 2619 2765 2682 novam
2806 2591 2905 2678 de
2952 2596 3283 2682 ratione
3315 2591 3509 2684 salvi
3546 2595 3995 2684 conducius
4030 2596 4119 2685 &
4154 2594 4514 2710 vecliga-
4621 2647 4628 2660 ·

1500 2765 1704 2854 lium
1739 2791 1890 2880 per
1921 2783 2226 2848 terram
2260 2759 2483 2850 suam
2513 2763 2605 2854 &
2632 2791 2893 2898 aquas
2943 2767 3595 2882 praestandorum
3651 2769 4121 2888 paffionem
4172 2769 4275 2856 ad
4326 2799 4519 2886 pro-

1502 2932 1833 3020 ximum
1866 2961 2132 3050 usque
2163 2930 2458 3022 festum
2490 2901 2774 3024 Sanffi
2806 2932 3173 3054 Georgii·
3192 2935 3633 3034 valituram
3662 3005 3686 3047 ,
3743 2969 3937 3028 cum
3972 2925 4521 3058 Argentinen-

1508 3097 1729 3187 fibus
1777 3101 2150 3191 inierunt.
2205 3098 2379 3219 (d)
4562 3063 4570 3068 ’

2781 3392 2858 3513 ς.
2971 3392 3259 3517 xlx,

1127 3613 1463 3697 Quartum.
1848 3562 2534 3733 Stauffenbergae
2638 3617 2992 3705 castrum
3024 3684 3048 3725 ‚
3186 3620 3425 3735 quod
3514 3619 3771 3708 modo
3850 3614 4497 3721 memoravimus
4513 3680 4539 3725 ‚

1521 3787 2024 3879 Ganerbiale
2072 3788 2267 3890 fuit,
2323 3784 2863 3903 pluribusque
2914 3785 3125 3872 adeo
3174 3784 3569 3875 militibus
3615 3814 4079 3875 commune.
4194 3782 4381 3874 Hos
4415 3790 4537 3873 in—

1524 3982 1652 4049 ter
1699 3921 2218 4047 Reinboldus
2278 3950 2521 4042 miles
2565 3952 2667 4041 de
2705 3930 3297 4074 Stauffenberg
3310 4017 3334 4059 ‚
3388 3952 3837 4045 Albertum
3868 3954 3971 4042 de
4004 3953 4233 4048 Owe
4252 4020 4275 4063 ‚
4333 3958 4542 4043 mili-

1528 4157 1700 4223 tem
1715 4197 1738 4240 ,
1803 4126 2193 4247 Episcopi
2245 4096 2865 4243 Argentinenfis
2922 4124 3529 4216 ministerialem
3542 4194 3565 4237 ‚
3624 4126 3888 4215 castro
3926 4126 4071 4215 illo
4106 4128 4544 4217 excludere

1531 4303 1935 4395 voluerat.

1737 4620 1771 4701 (
1786 4615 1868 4702 b)
1908 4614 2066 4683 Cod.
2095 4614 2376 4701 Diplom.
2405 4614 2683 4699 Argent.
2712 4614 3041 4683 Tabularii
3068 4618 3151 4683 de
3182 4636 3348 4681 anno
3380 4634 3539 4695 ¹370·
3567 4639 3635 4704 p.
3649 4636 3766 4693 152.
4714 4679 4748 4709 Ι,

1735 4757 1852 4837 (c)
1895 4756 2278 4843 Marggrafe
2315 4754 2558 4841 Rudoff
2583 4753 2696 4819 der
2740 4755 2884 4820 alter
2922 4754 3050 4844 ποιᾷ
3091 4754 3483 4843 Marggrave
3530 4750 3891 4835 Frederich',
3950 4750 4083 4837 stus
4121 4745 4373 4815 Bruder
4396 4748 4517 4839 sun
4532 4798 4555 4835 ,
4726 4724 4741 4743 ’

1953 4894 2197 4961 Herren
2224 4918 2341 4963 von
2368 4894 2603 4965 Eadm.
3153 4918 3159 4925 ·

1741 5046 1768 5113 (
1782 5036 1866 5111 d)
1908 5036 2072 5106 eod.
2097 5040 2270 5123 Dipl.
2297 5040 2575 5123 Argent.
2602 5040 2721 5106 fol.
2736 5056 2868 5113 150.
