5185 6276
1091 778 3265 877 BanuuAnmAnArzmonus:
3523 812 3697 903 229

3738 960 4070 1035 mneos:

659 1051 1160 1201 ¹Badensem,
1234 1122 1487 1211 quem
1529 1090 1928 1182 Friderici
1977 1087 2324 1179 Caesaris
2377 1086 2725 1205 affinitas
2750 1154 2773 1197 ‚
2829 1094 3251 1208 triumque
3300 1093 3647 1183 fratrum
3666 1166 3693 1207 ‚

561 1240 570 1247 ⁶
622 1264 964 1357 ·Caroii
993 1262 1500 1353 Marchionis
1520 1332 1542 1374 ,
1611 1260 2008 1374 Johannis
2049 1256 2556 1348 Trevirenfis
2590 1257 2682 1346 &
2717 1254 3063 1375 Georgii
3098 1262 3483 1355 Metenfis
3514 1265 3692 1354 An..

685 1440 1034 1527 tistitum
1084 1460 1312 1551 opes
1339 1430 1788 1551 praesertim
1843 1428 2653 1519 commendaverant.
2826 1426 3151 1519 Razoni
3184 1429 3261 1519 se
3298 1434 3697 1552 opposue-

691 1632 890 1701 runt
919 1608 1336 1722 Johannes
1369 1606 1460 1697 &
1487 1603 2066 1713 Eberhardus,
2121 1630 2238 1691 ex
2268 1600 3025 1717 Arenbergenfium
3054 1598 3404 1711 familia,
3462 1628 3696 1722 pater

696 1789 787 1905 ᾅῐ
819 1783 1078 1894 filius,
1135 1779 1504 1870 Comites
1537 1773 1961 1887 Marcani,
2035 1776 2182 1892 qui
2213 1770 2691 1881 Leodienfis
2724 1771 3057 1861 ditionis
3091 1777 3391 1863 vicinae
3422 1798 3701 1892 prote-

699 1954 1052 2079 ffionem
1077 1951 1260 2063 jure
1291 1946 1782 2051 hereditario
1814 1946 1958 2034 fibi
1993 1943 2560 2045 vindicabant3
2655 1940 3150 2031 Badenfibus
3184 1942 3547 2061 alioquin
3583 1946 3706 2033 in-

603 2138 614 2181 ¹
702 2117 899 2222 festi,
932 2146 1126 2204 cum
1157 2114 1451 2233 quibus
1483 2114 1670 2201 sites
1711 2116 1830 2201 eis
1866 2110 2486 2199 intercedebant
2518 2110 2609 2201 &
2646 2107 2897 2201 bella.=
2949 2112 3399 2206 Praevaluit
3430 2139 3709 2207 tamen

707 2286 1082 2376 Razonis
1131 2280 1576 2371 austoritas
1595 2348 1620 2389 ‚
1695 2306 1948 2401 atque
2001 2285 2373 2369 unanimi
2421 2286 2799 2371 omnium
2852 2286 3235 2378 consensu
3283 2289 3716 2381 ProteROr
3812 2342 3817 2347 ·

707 2453 1011 2583 elestus
1043 2451 1156 2578 est
1187 2450 1554 2539 Marcus·
1537 2488 1560 2555 3
1639 2453 1783 2569 qui
1813 2452 1916 2541 de
1949 2472 2254 2541 eventu
2287 2453 2410 2539 rei
2441 2450 2805 2542 solicitus
2824 2520 2848 2563 ‚
2869 2452 3115 2545 cum
3146 2460 3413 2547 tribus
3444 2460 3719 2549 fratri-

711 2624 868 2713 bus
901 2641 1082 2707 tum
1111 2571 1360 2707 Metis
1394 2619 1585 2735 (p)
1639 2620 1956 2735 agebat.
2073 2618 2208 2709 Eo
2253 2620 2473 2709 miffi
2506 2619 3091 2713 Leodienfium
3144 2624 3435 2743 legati,
3488 2628 3723 2721 Mar-

719 2822 912 2882 cum
942 2796 1440 2897 invitarunt,
1492 2810 1584 2875 ut
1621 2794 1848 2876 circa
1879 2786 2285 2875 Paschatis
2321 2786 2621 2877 festum
2670 2785 3017 2879 solennis
3072 2796 3725 2911 inaugurationis

2492 2926 2515 2965 Q

621 2956 989 3051 caufl'a
1018 2958 1434 3049 Leodium
1463 2962 1808 3051 veniret.

1045 3083 1528 3224 Ludovicus
1561 3128 1716 3220 XI.
1751 3128 2052 3220 Galliae
2083 3130 2313 3246 Rex,
2351 3134 2743 3224 intestinis
2777 3132 3233 3226 Procerum
3264 3141 3527 3228 turbis
3564 3141 3775 3274 αεὶ-ο

734 3318 958 3388 tatus
973 3367 998 3409 ,
1052 3299 1636 3389 Leodienfibus
1672 3297 2213 3388 destinaverat
2250 3298 2569 3413 literam,
2629 3304 2929 3418 quibus
2946 3277 3548 3395 Nivernensem
3564 3303 3735 3394 Co-

730 3471 1020 3560 mitem
1050 3469 1612 3560 Protectorem
1643 3469 1803 3560 illis
1838 3470 2178 3560 obtulit·
2155 3535 2180 3578 ,
2233 3471 2370 3562 sed
2417 3472 2518 3561 de
2551 3471 2937 3574 Badenfis
2986 3474 3387 3566 elestione
3434 3479 3740 3566 certior

736 3641 1041 3756 faetus,
1095 3649 1182 3736 in
1211 3646 1564 3738 eandem
1599 3643 1999 3736 consenfit.
2057 3645 2234 3762 (q)

2389 3887 2633 4008 ng

947 4378 1075 4465 (p)
1113 4379 1168 4446 F
1168 4387 1374 4444 ratres
1403 4375 1809 4442 Mai-chionen
1833 4377 2028 4442 Metis
2053 4351 2364 4462 progr-effi
2391 4375 2536 4442 sunt
2567 4376 2903 4446 Coloniam
2930 4425 2951 4462 ,
3015 4397 3148 4464 quo
3182 4373 3636 4442 Leodienfium
3666 4373 3765 4438 le-

1161 4519 1302 4604 gati
1331 4516 1699 4597 venientes,
1727 4525 1966 4582 mata
1993 4535 2188 4580 manu
2215 4533 2332 4579 eos
2362 4517 2684 4580 duxerunt
2701 4516 3036 4581 Leodium-
3066 4513 3215 4583 Wn
3235 4537 3282 4580 n
3298 4537 3347 4580 n
3364 4535 3409 4580 ε
3428 4535 3477 4578 n
3498 4533 3549 4578 u
3568 4533 3603 4578 s
3632 4511 3769 4576 T1-

1169 4673 1459 4720 ‘nanu
1478 4671 1516 4718 s
1545 4649 1882 4716 Annalium
1909 4641 2338 4736 Novefikufium
2364 4647 2617 4716 Aufkor
2644 4652 2715 4714 in
2736 4651 2935 4716 MAn
2958 4673 3004 4716 ‘r
3024 4671 3071 4716 ιι·
3092 4671 3205 4716 rut
3232 4647 3455 4717 anea.
3478 4649 3785 4716 Veterum·

1163 4791 1552 4878 Scn’ptorum
1587 4797 1802 4879 p.608.
2193 4832 2218 4870 s

875 4945 884 4954 ·
962 4937 1090 5038 (q)
1130 4935 1398 5020 Singula
1461 4935 1606 5002 haee
1670 4939 1968 5002 accurate
2027 4895 2299 5017 exponit
2359 4925 2855 4997 Annnnrue
2919 4923 2995 4992 de
3051 4923 3423 4996 νει-ιιι
3478 4925 3785 5012 Buscq

1179 5082 1422 5163 1³·1267·
1452 5077 1588 5164 sqq.-
