5185 6276
1416 742 1676 811 ’222
1955 711 2566 823 Hlsfron.
2682 706 3455 797 BADENsls
3571 699 4183 793 L113.IV.·
4310 750 4331 759 -

1134 894 1316 963 tho
1333 916 1380 961 ιι
1401 910 1468 958 ε.
1499 889 3831 955 ΕΞ-

1503 1023 1788 1111 nonici
1837 1022 2078 1109 bonis
2135 1019 2713 1136 reditibusque
2770 1012 3085 1133 spoliati
3140 1011 3364 1129 apud
3414 1009 4067 1131 Muffipontanos
4126 1015 4529 1131 primum,

1507 1186 1693 1276 dein
1724 1187 1916 1279 Vici
1950 1186 2500 1293 substiterunt,
2559 1184 2827 1273 donec
2860 1182 3045 1301 post
3078 1180 3689 1300 quinquennale
3736 1182 4091 1273 exilium
4134 1181 4530 1271 redeundi

1507 1356 1595 1443 in
1625 1357 1924 1444 urbem
1957 1358 1980 1443 i
1985 1354 2148 1473 pfis
2183 1354 2417 1442 fieret
2450 1357 2827 1473 potestas,
2946 1356 3051 1443 A.
3102 1386 3145 1441 1
3174 1380 3234 1471 4
3254 1359 3400 1469 67.
3428 1350 3845 1467 Georgius
3876 1348 4357 1468 Episcopu3‚
4392 1356 4531 1439 cui

1511 1524 1768 1613 totius
1799 1524 2114 1637 negotii
2146 1550 2436 1607 curam
2459 1491 3551 1631 ‚demandaverat’Ponfifex
3572 1590 3595 1631 ,
3650 1518 4125 1609 Canonicos
4142 1518 4533 1633 Civitati,

1513 1691 1966 1781 Civitatem
2015 1689 2400 1777 Pontifici
2449 1688 2965 1779 conciliavit:
3056 1656 3225 1809 quo
3283 1694 3685 1811 temporis
3742 1690 4181 1783 intervallo
4232 1695 4530 1784 urbem

1511 1865 1956 1955 identidem
1990 1862 2262 1953 invifit
2275 1928 2299 1971 ‚
2353 1862 2701 1981 litesque
2736 1860 2838 1949 de
2874 1858 3259 1949 censuum
3314 1861 3843 1977 quorundam
3888 1858 4279 1951 solutione
4330 1892 4527 1951 cum

1509 2034 2014 2127 Metenfibus
2055 2034 2322 2123 amica
2358 2028 2911 2120 transafflone
2948 2025 3424 2145 composuit.
3484 2026 3661 2147 (k)

1839 2466 1945 2557 A.
2041 2490 2082 2555 1
2124 2494 2184 2585 4
2222 2492 2272 2583 7
2311 2400 2390 2555 φ.
2497 2462 2921 2578 Georgius
3013 2462 3320 2552 arbiter
3410 2460 3566 2550 fuit
3652 2463 4225 2555 difficultatum
4311 2469 4523 2557 inter

1511 2636 1850 2726 fratrem
1881 2705 1905 2748 ,
1993 2632 2572 2727 Trevirensem
2658 2630 3392 2750 Archiepiscopum
3464 2633 3557 2723 &
3635 2632 3708 2723 F
3704 2636 4142 2729 ridericum
4224 2634 4525 2726 Palati·-

1352 2866 1360 2875 .
1513 2838 1743 2897 num.
1810 2805 1966 2924 (ι)
3450 2798 3469 2852 ’

2852 3179 2983 3301 §0
3058 3181 3187 3299 ⁸v.

1135 3467 1306 3572 ‘Aetn
1333 3467 1470 3555 eius
1837 3399 1995 3548 Α.
2039 3485 2080 3542 1
2105 3481 2230 3573 47
2257 3479 2331 3572 3.
2365 3453 2438 3545 F
2433 3455 2894 3578 ridericum·
2918 3455 3069 3552 IV.
3101 3455 3711 3578 Imperatorem
3736 3453 4005 3548 Metas
4036 3457 4540 3571 venientem}

1141 3557 1410 3644 rehqua.
1509 3621 1950 3738 magnifice
1994 3628 2329 3742 recepit.
2379 3627 2582 3742 (m)
2769 3625 3232 3748 Imperator
3284 3629 3693 3722 Treviros
3738 3631 3848 3720 ad
3896 3626 4260 3720 Comitia
4308 3631 4535 3722 abiit.

1510 3787 1926 3905 Georgius
1962 3820 2158 3879 cum
2178 3787 2493 3881 Carolo
2533 3789 2827 3910 fratre,
2866 3797 3222 3918 aliisque
3255 3799 3772 3922 Principibus
3804 3831 4000 3890 eum
4035 3801 4356 3893 secutus
4388 3801 4531 3892 est.

1513 3957 1642 4049 lbi
1676 3988 1874 4048 cum
1907 3958 2011 4050 de
2044 3963 2273 4078 regia
2311 3961 2597 4052 Caroli
2627 3965 3054 4084 Burgundi
3086 3995 3479 4089 ageretur
3518 3973 3950 4089 dignitate,
4036 3999 4395 4088 eumque
4440 3975 4527 4060 in

1511 4122 1765 4216 finem
1781 4125 2079 4214 omnia
2101 4153 2779 4247 praepararentur
2794 4201 2819 4244 ‚
2874 4131 3246 4254 Georgio
3281 4135 3648 4228 sacrandi
3684 4133 4296 4256 inungendique
4327 4131 4524 4224 novi
4578 4177 4587 4194 ·

1713 4725 1829 4804 (Ιι)
1871 4727 1938 4795 M
1955 4751 2001 4794 E
2023 4749 2073 4796 ts
2091 4751 2138 4794 n
2155 4749 2189 4795 1
2203 4749 2238 4796 s
2257 4749 2314 4796 s.
2343 4732 2498 4832 'loco
2527 4733 2722 4820 alleg.
2753 4734 2891 4801 Lib.
2905 4735 3018 4838 HJ.
3047 4759 3109 4824 p.
3124 4755 3260 4826 570.
3288 4739 3415 4826 sqq.

1709 4861 1844 4949 (1)·
1869 4865 2036 4936 Vide
2069 4865 2251 4955 supra
2279 4869 2348 4934 in
2374 4873 2510 4936 vita
2536 4871 2847 4946 ‚Iohannis
2882 4873 3387 4962 Archiepistopi.

1706 5007 1861 5086 (m)
1901 5025 2021 5070 κε
2041 5025 2087 5070 u
2108 5029 2156 5070 R
2175 5028 2204 5072 1
2222 5027 2258 5071 s
2273 5025 2332 5073 S.
2363 5008 2491 5074 loc.
2533 5009 2727 5098 alleg.
2754 5031 2815 5096 p.
2832 5022 2945 5087 588.
