5185 6276
1171 743 2190 840 Runotrntxn
2308 745 3109 842 Pnntont'ss.
3537 767 3653 871 47

1877 934 1892 936 -
2291 932 2296 934 ·
2649 925 2673 930 ’
3238 923 3390 930 ·“·”“’
3703 915 4036 1006 Runffv.

1960 1223 2037 1346 §-
2175 1221 2342 1316 ιν.

817 1519 832 1533 ‘
975 1441 1202 1592 Post
1276 1495 1784 1618 Lutgardam
1818 1567 1843 1610 ‚
1925 1499 2248 1590 Alberti
2313 1495 2673 1588 Comitis
2731 1495 2835 1587 de
2898 1487 3473 1594 Loewenstein
3528 1505 3654 1594 vi·-
3705 1535 3974 1609 Uxores.

657 1669 942 1782 duam,
1015 1697 1268 1787 quam
1307 1667 1798 1788 Rudolphus
1833 1673 2106 1762 noster
2144 1669 2253 1760 A.
2292 1702 2333 1758 1
2361 1693 2488 1784 32
2510 1689 2583 1782 3.
2621 1667 2846 1756 thori
2874 1664 2987 1754 sui
3021 1663 3323 1755 sociam
3349 1657 3655 1782 junxit,

487 1853 500 1864 ‘
651 1837 1020 1928 secundis
1070 1841 1382 1957 nuptiis
1433 1839 1678 1930 duxit
1719 1841 2077 1934 Mariam
2102 1907 2124 1949 ,
2179 1837 2592 1930 Ludovici
2654 1834 2745 1925 &
2789 1831 2863 1924 F
2859 1832 3184 1922 riderici
3222 1829 3655 1924 Comitum

658 2009 760 2095 ab
828 2001 1242 2122 Oetingen
1276 2071 1302 2112 ,
1388 2004 1721 2095 Alsatiae
1781 2007 2020 2096 infer.
2081 2005 2807 2121 Landgraviorum
2839 2070 2864 2113 ,
2950 1999 3317 2090 sororem
3350 2037 3399 2105 ς,
3461 2033 3658 2093 cum

652 2202 816 2292 qua
829 2173 1470 2266 Pforzheimenfi
1505 2175 1912 2296 Hospitali
1962 2171 2247 2266 Sanffi
2307 2171 2672 2291 Spiritus
2728 2198 3051 2258 annuos
3088 2173 3386 2287 viginti
3422 2175 3656 2292 quin·

649 2373 811 2462 que
841 2341 1240 2432 librarum
1275 2341 1363 2432 H
1367 2339 1784 2435 allenfium
1820 2343 2132 2432 reditus
2163 2339 2267 2430 A.
2307 2371 2348 2430 1
2375 2367 2428 2455 3
2456 2339 2602 2456 36.
2642 2337 3033 2456 donavit.-

977 2631 1368 2753 Denique
1417 2633 1757 2754 septimo
1811 2633 1990 2725 Kal.
2040 2631 2198 2748 Jul.
2228 2631 2356 2722 A.
2395 2662 2435 2721 1
2465 2621 2689 2750 348.
2724 2606 2870 2744 (Γ)
2944 2633 3031 2718 in
3066 2629 3418 2724 Lucidae
3452 2631 3655 2726 Val—
3700 2661 3969 2732 Mors&

649 2782 748 2890 Hs
779 2801 1267 2890 monasterio
1301 2802 1646 2892 deceffit.
1730 2801 2228 2922 Sepulcrum
2263 2805 2436 2919 ejus
2465 2799 2892 2892 Marchica
2923 2803 3135 2890 inter
3164 2833 3656 2892 monumen·
3702 2751 3935 2848 sepult.

653 2987 740 3054 ta
787 2970 1316 3085 comparebit.

973 3240 1244 3332 Maria
1271 3244 1406 3359 die
1444 3274 1485 3331 1
1510 3271 1590 3333 0.
1620 3240 1808 3357 Jun.
1852 3273 1894 3330 1
1929 3242 2158 3360 369.
2197 3240 2600 3356 extinRa,
2640 3202 2743 3330 'in
2796 3239 3423 3365 Godesaugienfi
3475 3248 3657 3341 Ab·

647 3416 913 3524 batia,
970 3419 1106 3503 cui
1141 3443 1459 3503 annuos
1489 3412 1804 3501 reditus
1836 3408 2052 3503 XV.
2085 3412 2484 3501 librarum
2515 3396 3037 3503 Hallenfium
3086 3416 3179 3509 &
3217 3415 3383 3509 VI.
3416 3446 3656 3537 quar-

647 3585 934 3675 talium
967 3596 1258 3676 avenae
1292 3580 1843 3703 adscripserat‚
1876 3584 2078 3700 (bn)
2133 3580 2466 3703 sepulta.

973 3882 1136 3971 Par
1187 3884 1548 3973 filiorum
1592 3878 2090 4005 Rudolphus
2131 3878 2404 3969 noster
2453 3878 2835 3999 reliquit,
2906 3879 2983 3971 F
2976 3882 3425 3975 tidericum
3472 3884 3569 3977 II
3585 3886 3647 3979 Ι.
3697 3851 3897 3979 Filii.⁸

651 4053 743 4143 &
767 4046 1304 4167 Rudolphum
1319 4049 1424 4144 V.
1461 4049 1762 4141 dietum
1802 4048 1948 4142 W
1936 4048 2150 4140 ecker
2169 4122 2193 4165 ‚
2225 4073 2320 4141 ut
2357 4080 2470 4140 ex
2499 4048 3024 4171 sequentibus
3056 4057 3391 4171 patebit.
3508 4054 3649 4145 De

651 4242 850 4309 natu
875 4221 1204 4335 juniore
1237 4220 1585 4338 improle
1615 4224 1974 4339 primum
1990 4290 2015 4333 ,
2070 4225 2261 4315 dein
2295 4226 2398 4316 de
2431 4229 2747 4344 majore
2762 4289 2787 4335 ,
2841 4230 2985 4344 qui
3029 4254 3291 4345 genus
3339 4257 3645 4355 propa-

651 4393 876 4511 gavit
905 4459 930 4502 ,
987 4414 1346 4509 agemus.
3604 4383 3612 4391 ’

849 4882 954 4957 cl)
993 4878 1348 4947 SCRAJv-lff
1367 4902 1502 4947 Am.
1532 4878 1656 4947 luc.
1689 4884 1804 4949 eit.
1835 4892 2030 4968 μισε.

846 4970 1000 5103 (νη)
1041 5018 1430 5088 (ΞΑΜΑΝε.
1455 5020 1612 5109 Hist.
1640 5019 1806 5091 Bad.
1839 5029 2032 5111 pam.
