<?xml version="1.0" encoding="UTF-8"?>
<!DOCTYPE html PUBLIC "-//W3C//DTD XHTML 1.0 Transitional//EN"
    "http://www.w3.org/TR/xhtml1/DTD/xhtml1-transitional.dtd">
<html xmlns="http://www.w3.org/1999/xhtml" xml:lang="en" lang="en">
 <head>
  <title>
</title>
<meta http-equiv="Content-Type" content="text/html;charset=utf-8" />
  <meta name='ocr-system' content='tesseract 3.04.00' />
  <meta name='ocr-capabilities' content='ocr_page ocr_carea ocr_par ocr_line ocrx_word'/>
</head>
<body>
  <div class='ocr_page' id='page_1' title='image "./historiazaringo00schogoog_0054.png"; bbox 0 0 5185 6276; ppageno 0'>
   <div class='ocr_carea' id='block_1_1' title="bbox 1007 901 1196 968">
    <p class='ocr_par' dir='ltr' id='par_1_1' title="bbox 1007 901 1196 968">
     <span class='ocr_line' id='line_1_1' title="bbox 1007 901 1196 968; baseline -0.021 0"><span class='ocrx_word' id='word_1_1' title='bbox 1007 901 1196 968; x_wconf 74' lang='lat' dir='ltr'><strong>Fun</strong></span> 
     </span>
    </p>
   </div>
   <div class='ocr_carea' id='block_1_2' title="bbox 1025 2249 1313 2404">
    <p class='ocr_par' dir='ltr' id='par_1_2' title="bbox 1025 2249 1313 2404">
     <span class='ocr_line' id='line_1_2' title="bbox 1025 2249 1308 2318; baseline -0.011 0"><span class='ocrx_word' id='word_1_2' title='bbox 1025 2249 1308 2318; x_wconf 81' lang='lat' dir='ltr'><strong>Castrum</strong></span> 
     </span>
     <span class='ocr_line' id='line_1_3' title="bbox 1025 2337 1313 2404; baseline 0.007 -2"><span class='ocrx_word' id='word_1_3' title='bbox 1025 2337 1313 2404; x_wconf 87' lang='lat' dir='ltr'><strong>Ochsen-</strong></span> 
     </span>
    </p>
   </div>
   <div class='ocr_carea' id='block_1_3' title="bbox 1027 2424 1207 2510">
    <p class='ocr_par' dir='ltr' id='par_1_3' title="bbox 1027 2424 1207 2510">
     <span class='ocr_line' id='line_1_4' title="bbox 1027 2424 1207 2510; baseline 0.006 -20"><span class='ocrx_word' id='word_1_4' title='bbox 1027 2424 1207 2510; x_wconf 84' lang='lat' dir='ltr'>berg.</span> 
     </span>
    </p>
   </div>
   <div class='ocr_carea' id='block_1_4' title="bbox 1394 903 1990 926">
    <p class='ocr_par' dir='ltr' id='par_1_4' title="bbox 1394 903 1990 926">
     <span class='ocr_line' id='line_1_5' title="bbox 1394 903 1990 926; baseline 0 5350"><span class='ocrx_word' id='word_1_5' title='bbox 1394 903 1990 926; x_wconf 95' lang='lat' dir='ltr'><strong> </strong></span> 
     </span>
    </p>
   </div>
   <div class='ocr_carea' id='block_1_5' title="bbox 1199 895 1338 968">
    <p class='ocr_par' dir='ltr' id='par_1_5' title="bbox 1199 895 1338 968">
     <span class='ocr_line' id='line_1_6' title="bbox 1199 895 1338 968; baseline -0.007 -3"><span class='ocrx_word' id='word_1_6' title='bbox 1199 895 1338 968; x_wconf 89' lang='grc' dir='ltr'><strong>.Π.</strong></span> 
     </span>
    </p>
   </div>
   <div class='ocr_carea' id='block_1_6' title="bbox 1397 671 3956 840">
    <p class='ocr_par' dir='ltr' id='par_1_6' title="bbox 1397 671 3956 840">
     <span class='ocr_line' id='line_1_7' title="bbox 1397 671 3956 840; baseline -0.009 -29"><span class='ocrx_word' id='word_1_7' title='bbox 1397 725 1507 840; x_wconf 75' lang='lat'><strong>36</strong></span> <span class='ocrx_word' id='word_1_8' title='bbox 1843 711 2460 804; x_wconf 73' lang='lat' dir='ltr'><strong>Hts&#39;ron.</strong></span> <span class='ocrx_word' id='word_1_9' title='bbox 2543 671 3339 798; x_wconf 52' lang='lat' dir='ltr'><strong>&#39;finnus-1³</strong></span> <span class='ocrx_word' id='word_1_10' title='bbox 3460 693 3956 790; x_wconf 81' lang='lat' dir='ltr'>L113.IV.</span> 
     </span>
    </p>
   </div>
   <div class='ocr_carea' id='block_1_7' title="bbox 3792 881 4379 912">
    <p class='ocr_par' dir='ltr' id='par_1_7' title="bbox 3792 881 4379 912">
     <span class='ocr_line' id='line_1_8' title="bbox 3792 881 4379 912; baseline 0 5364"><span class='ocrx_word' id='word_1_11' title='bbox 3792 881 4379 912; x_wconf 95' lang='lat' dir='ltr'><strong> </strong></span> 
     </span>
    </p>
   </div>
   <div class='ocr_carea' id='block_1_8' title="bbox 3792 923 4378 944">
    <p class='ocr_par' dir='ltr' id='par_1_8' title="bbox 3792 923 4378 944">
     <span class='ocr_line' id='line_1_9' title="bbox 3792 923 4378 944; baseline 0 0"><span class='ocrx_word' id='word_1_12' title='bbox 3792 923 4378 944; x_wconf 95' lang='lat' dir='ltr'><strong> </strong></span> 
     </span>
    </p>
   </div>
   <div class='ocr_carea' id='block_1_9' title="bbox 1394 941 1990 966">
    <p class='ocr_par' dir='ltr' id='par_1_9' title="bbox 1394 941 1990 966">
     <span class='ocr_line' id='line_1_10' title="bbox 1394 941 1990 966; baseline 0 5310"><span class='ocrx_word' id='word_1_13' title='bbox 1394 941 1990 966; x_wconf 95' lang='lat' dir='ltr'><strong> </strong></span> 
     </span>
    </p>
   </div>
   <div class='ocr_carea' id='block_1_10' title="bbox 1401 1008 4435 1796">
    <p class='ocr_par' dir='ltr' id='par_1_10' title="bbox 1401 1008 4435 1796">
     <span class='ocr_line' id='line_1_11' title="bbox 1553 1008 4419 1145; baseline -0.006 -25"><span class='ocrx_word' id='word_1_14' title='bbox 1553 1089 1562 1100; x_wconf 83' lang='lat'><strong>·</strong></span> <span class='ocrx_word' id='word_1_15' title='bbox 1723 1034 1830 1120; x_wconf 91' lang='lat' dir='ltr'><strong>·A.</strong></span> <span class='ocrx_word' id='word_1_16' title='bbox 1871 1061 1910 1118; x_wconf 95' lang='lat'>1</span> <span class='ocrx_word' id='word_1_17' title='bbox 1942 1057 1993 1145; x_wconf 84' lang='lat'><strong>3</strong></span> <span class='ocrx_word' id='word_1_18' title='bbox 2015 1055 2066 1118; x_wconf 92' lang='lat'>2</span> <span class='ocrx_word' id='word_1_19' title='bbox 2097 1055 2161 1117; x_wconf 84' lang='lat'><strong>1.</strong></span> <span class='ocrx_word' id='word_1_20' title='bbox 2194 1025 2268 1114; x_wconf 90' lang='lat' dir='ltr'>F</span> <span class='ocrx_word' id='word_1_21' title='bbox 2269 1022 2667 1112; x_wconf 70' lang='lat' dir='ltr'><strong>ride-ricus</strong></span> <span class='ocrx_word' id='word_1_22' title='bbox 2702 1018 2795 1108; x_wconf 83' lang='lat'>&amp;</span> <span class='ocrx_word' id='word_1_23' title='bbox 2832 1011 3325 1131; x_wconf 86' lang='lat' dir='ltr'><strong>Rudolphus</strong></span> <span class='ocrx_word' id='word_1_24' title='bbox 3374 1011 3677 1100; x_wconf 73' lang='lat' dir='ltr'><strong>fratres</strong></span> <span class='ocrx_word' id='word_1_25' title='bbox 3726 1008 4258 1101; x_wconf 86' lang='lat' dir='ltr'><strong>Marchiones</strong></span> <span class='ocrx_word' id='word_1_26' title='bbox 4312 1013 4419 1104; x_wconf 87' lang='lat' dir='ltr'><strong>de</strong></span> 
     </span>
     <span class='ocr_line' id='line_1_12' title="bbox 1401 1151 4423 1317; baseline -0.009 -25"><span class='ocrx_word' id='word_1_27' title='bbox 1401 1201 1690 1294; x_wconf 81' lang='lat' dir='ltr'><strong>Baden</strong></span> <span class='ocrx_word' id='word_1_28' title='bbox 1722 1219 2049 1317; x_wconf 85' lang='lat' dir='ltr'><strong>partem</strong></span> <span class='ocrx_word' id='word_1_29' title='bbox 2079 1195 2316 1285; x_wconf 75' lang='lat' dir='ltr'><strong>caſtri</strong></span> <span class='ocrx_word' id='word_1_30' title='bbox 2345 1192 2440 1282; x_wconf 72' lang='grc' dir='ltr'>ἅ</span> <span class='ocrx_word' id='word_1_31' title='bbox 2469 1187 2761 1308; x_wconf 86' lang='lat' dir='ltr'>oppidi</span> <span class='ocrx_word' id='word_1_32' title='bbox 2791 1179 3265 1301; x_wconf 53' lang='lat' dir='ltr'><strong>Fmeberffi</strong></span> <span class='ocrx_word' id='word_1_33' title='bbox 3314 1183 3495 1298; x_wconf 82' lang='lat' dir='ltr'><strong>(u)</strong></span> <span class='ocrx_word' id='word_1_34' title='bbox 3565 1205 3761 1298; x_wconf 87' lang='lat' dir='ltr'><strong>quae</strong></span> <span class='ocrx_word' id='word_1_35' title='bbox 3800 1183 3973 1296; x_wconf 86' lang='lat' dir='ltr'><strong>jam</strong></span> <span class='ocrx_word' id='word_1_36' title='bbox 4023 1151 4423 1267; x_wconf 84' lang='lat' dir='ltr'><strong>decennio</strong></span> 
     </span>
     <span class='ocr_line' id='line_1_13' title="bbox 1409 1347 4435 1486; baseline -0.006 -30"><span class='ocrx_word' id='word_1_37' title='bbox 1409 1391 1602 1458; x_wconf 86' lang='lat' dir='ltr'><strong>ante</strong></span> <span class='ocrx_word' id='word_1_38' title='bbox 1653 1370 2194 1484; x_wconf 85' lang='lat' dir='ltr'>oppignerata</span> <span class='ocrx_word' id='word_1_39' title='bbox 2246 1358 2439 1478; x_wconf 87' lang='lat' dir='ltr'><strong>ipfis</strong></span> <span class='ocrx_word' id='word_1_40' title='bbox 2484 1356 2753 1446; x_wconf 87' lang='lat' dir='ltr'><strong>fuerat</strong></span> <span class='ocrx_word' id='word_1_41' title='bbox 2784 1421 2807 1468; x_wconf 92' lang='lat'><strong><em>‚</em></strong></span> <span class='ocrx_word' id='word_1_42' title='bbox 2917 1387 2968 1446; x_wconf 85' lang='lat' dir='ltr'><strong>a</strong></span> <span class='ocrx_word' id='word_1_43' title='bbox 3018 1353 3451 1486; x_wconf 31' lang='lat' dir='ltr'><strong>Geli-bardo</strong></span> <span class='ocrx_word' id='word_1_44' title='bbox 3521 1353 3783 1442; x_wconf 89' lang='lat' dir='ltr'><strong>milite</strong></span> <span class='ocrx_word' id='word_1_45' title='bbox 3834 1355 3937 1440; x_wconf 88' lang='lat' dir='ltr'><strong>de</strong></span> <span class='ocrx_word' id='word_1_46' title='bbox 3984 1347 4435 1468; x_wconf 85' lang='lat' dir='ltr'><strong>Enzeberg-</strong></span> 
     </span>
     <span class='ocr_line' id='line_1_14' title="bbox 1411 1521 4428 1653; baseline -0.006 -28"><span class='ocrx_word' id='word_1_47' title='bbox 1411 1541 1752 1653; x_wconf 89' lang='lat' dir='ltr'><strong>ejusque</strong></span> <span class='ocrx_word' id='word_1_48' title='bbox 1783 1533 1971 1622; x_wconf 82' lang='lat' dir='ltr'><strong>filiis</strong></span> <span class='ocrx_word' id='word_1_49' title='bbox 2010 1529 2442 1620; x_wconf 85' lang='lat' dir='ltr'><strong>Gerhardo</strong></span> <span class='ocrx_word' id='word_1_50' title='bbox 2461 1595 2486 1638; x_wconf 89' lang='lat'><strong>,</strong></span> <span class='ocrx_word' id='word_1_51' title='bbox 2539 1527 2898 1620; x_wconf 85' lang='lat' dir='ltr'><strong>Alberto</strong></span> <span class='ocrx_word' id='word_1_52' title='bbox 2918 1590 2943 1638; x_wconf 89' lang='lat'>‚</span> <span class='ocrx_word' id='word_1_53' title='bbox 3000 1524 3395 1616; x_wconf 84' lang='lat' dir='ltr'><strong>Conrado</strong></span> <span class='ocrx_word' id='word_1_54' title='bbox 3430 1525 3521 1616; x_wconf 83' lang='lat'>&amp;</span> <span class='ocrx_word' id='word_1_55' title='bbox 3556 1521 3925 1612; x_wconf 87' lang='lat' dir='ltr'><strong>Geroldo</strong></span> <span class='ocrx_word' id='word_1_56' title='bbox 3942 1587 3966 1632; x_wconf 91' lang='lat'>‚</span> <span class='ocrx_word' id='word_1_57' title='bbox 4044 1549 4198 1638; x_wconf 89' lang='lat' dir='ltr'><strong>pro</strong></span> <span class='ocrx_word' id='word_1_58' title='bbox 4232 1521 4428 1636; x_wconf 89' lang='lat'><strong>460.</strong></span> 
     </span>
     <span class='ocr_line' id='line_1_15' title="bbox 1411 1703 2773 1796; baseline -0.007 0"><span class='ocrx_word' id='word_1_59' title='bbox 1411 1709 1639 1796; x_wconf 89' lang='lat' dir='ltr'><strong>libris</strong></span> <span class='ocrx_word' id='word_1_60' title='bbox 1684 1703 2212 1795; x_wconf 83' lang='lat' dir='ltr'><strong>Hallenfibus</strong></span> <span class='ocrx_word' id='word_1_61' title='bbox 2265 1713 2773 1788; x_wconf 72' lang='lat' dir='ltr'><strong>coemerunt.</strong></span> 
     </span>
    </p>
   </div>
   <div class='ocr_carea' id='block_1_11' title="bbox 2617 1963 3230 2097">
    <p class='ocr_par' dir='ltr' id='par_1_11' title="bbox 2617 1963 3230 2097">
     <span class='ocr_line' id='line_1_16' title="bbox 2617 1963 3230 2097; baseline -0.005 -30"><span class='ocrx_word' id='word_1_62' title='bbox 2617 1963 2699 2097; x_wconf 56' lang='grc' dir='ltr'><strong><em>ς</em></strong></span> <span class='ocrx_word' id='word_1_63' title='bbox 2842 1974 3230 2069; x_wconf 63' lang='lat' dir='ltr'><strong>xxvi</strong></span> 
     </span>
    </p>
   </div>
   <div class='ocr_carea' id='block_1_12' title="bbox 1413 2158 4455 4365">
    <p class='ocr_par' dir='ltr' id='par_1_12' title="bbox 1413 2158 4443 3002">
     <span class='ocr_line' id='line_1_17' title="bbox 1739 2158 4441 2318; baseline -0.003 -16"><span class='ocrx_word' id='word_1_64' title='bbox 1739 2158 2108 2312; x_wconf 84' lang='lat' dir='ltr'><strong>Eodem</strong></span> <span class='ocrx_word' id='word_1_65' title='bbox 2159 2193 2386 2296; x_wconf 59' lang='lat' dir='ltr'><strong>enno</strong></span> <span class='ocrx_word' id='word_1_66' title='bbox 2437 2198 2819 2298; x_wconf 83' lang='lat' dir='ltr'>Castrum</span> <span class='ocrx_word' id='word_1_67' title='bbox 2865 2201 3402 2318; x_wconf 89' lang='lat' dir='ltr'><strong>thsenberg</strong></span> <span class='ocrx_word' id='word_1_68' title='bbox 3451 2229 3649 2288; x_wconf 90' lang='lat' dir='ltr'><strong>cum</strong></span> <span class='ocrx_word' id='word_1_69' title='bbox 3694 2199 3913 2290; x_wconf 90' lang='lat' dir='ltr'><strong>villis</strong></span> <span class='ocrx_word' id='word_1_70' title='bbox 3963 2197 4441 2294; x_wconf 79' lang='lat' dir='ltr'><strong>Lenbrunne</strong></span> 
     </span>
     <span class='ocr_line' id='line_1_18' title="bbox 1415 2369 4442 2495; baseline -0.005 -15"><span class='ocrx_word' id='word_1_71' title='bbox 1415 2381 1942 2495; x_wconf 76' lang='lat' dir='ltr'><strong>Michelbach,</strong></span> <span class='ocrx_word' id='word_1_72' title='bbox 1993 2374 2494 2468; x_wconf 80' lang='lat' dir='ltr'><strong>Zabernvelt</strong></span> <span class='ocrx_word' id='word_1_73' title='bbox 2515 2445 2538 2492; x_wconf 89' lang='lat'>,</span> <span class='ocrx_word' id='word_1_74' title='bbox 2575 2369 3328 2492; x_wconf 79' lang='lat' dir='ltr'><strong>Ober-Ramspach</strong></span> <span class='ocrx_word' id='word_1_75' title='bbox 3364 2373 3455 2464; x_wconf 88' lang='lat'>&amp;</span> <span class='ocrx_word' id='word_1_76' title='bbox 3490 2371 3771 2489; x_wconf 80' lang='lat' dir='ltr'><strong>Damp</strong></span> <span class='ocrx_word' id='word_1_77' title='bbox 3793 2441 3816 2483; x_wconf 89' lang='lat'>,</span> <span class='ocrx_word' id='word_1_78' title='bbox 3866 2395 3958 2460; x_wconf 86' lang='lat' dir='ltr'><strong>ut</strong></span> <span class='ocrx_word' id='word_1_79' title='bbox 3992 2374 4081 2464; x_wconf 87' lang='lat'>&amp;</span> <span class='ocrx_word' id='word_1_80' title='bbox 4118 2376 4442 2466; x_wconf 87' lang='lat' dir='ltr'><strong>curiam</strong></span> 
     </span>
     <span class='ocr_line' id='line_1_19' title="bbox 1413 2535 4439 2670; baseline -0.002 -29"><span class='ocrx_word' id='word_1_81' title='bbox 1413 2558 1502 2642; x_wconf 90' lang='lat' dir='ltr'><strong>in</strong></span> <span class='ocrx_word' id='word_1_82' title='bbox 1534 2553 1624 2642; x_wconf 89' lang='lat' dir='ltr'><em>F</em></span> <span class='ocrx_word' id='word_1_83' title='bbox 1617 2551 1968 2666; x_wconf 80' lang='lat' dir='ltr'><strong>lehingen</strong></span> <span class='ocrx_word' id='word_1_84' title='bbox 1987 2619 2009 2662; x_wconf 91' lang='lat'>,</span> <span class='ocrx_word' id='word_1_85' title='bbox 2046 2579 2200 2670; x_wconf 87' lang='lat' dir='ltr'><strong>pro</strong></span> <span class='ocrx_word' id='word_1_86' title='bbox 2235 2552 2361 2639; x_wconf 83' lang='lat' dir='ltr'><strong>bis</strong></span> <span class='ocrx_word' id='word_1_87' title='bbox 2399 2535 2628 2638; x_wconf 86' lang='lat' dir='ltr'><strong>mille</strong></span> <span class='ocrx_word' id='word_1_88' title='bbox 2662 2549 2753 2640; x_wconf 87' lang='lat'>&amp;</span> <span class='ocrx_word' id='word_1_89' title='bbox 2784 2549 3154 2637; x_wconf 88' lang='lat' dir='ltr'><strong>ducentis</strong></span> <span class='ocrx_word' id='word_1_90' title='bbox 3189 2545 3418 2632; x_wconf 88' lang='lat' dir='ltr'><strong>libris</strong></span> <span class='ocrx_word' id='word_1_91' title='bbox 3451 2542 3971 2632; x_wconf 83' lang='lat' dir='ltr'><strong>Hallenfibus</strong></span> <span class='ocrx_word' id='word_1_92' title='bbox 4008 2549 4059 2632; x_wconf 72' lang='grc' dir='ltr'>ὲ</span> <span class='ocrx_word' id='word_1_93' title='bbox 4089 2541 4439 2636; x_wconf 86' lang='lat' dir='ltr'><strong>Zeisolfo</strong></span> 
     </span>
     <span class='ocr_line' id='line_1_20' title="bbox 1416 2713 4443 2840; baseline 0 -32"><span class='ocrx_word' id='word_1_94' title='bbox 1416 2721 1522 2810; x_wconf 88' lang='lat' dir='ltr'><strong>de</strong></span> <span class='ocrx_word' id='word_1_95' title='bbox 1553 2716 2081 2836; x_wconf 85' lang='lat' dir='ltr'><strong>Magenheim</strong></span> <span class='ocrx_word' id='word_1_96' title='bbox 2119 2719 2362 2840; x_wconf 53' lang='lat' dir='ltr'><strong>emit„</strong></span> <span class='ocrx_word' id='word_1_97' title='bbox 2453 2715 2953 2836; x_wconf 67' lang='lat' dir='ltr'><strong>Rudolphus</strong></span> <span class='ocrx_word' id='word_1_98' title='bbox 3003 2714 3259 2804; x_wconf 84' lang='lat' dir='ltr'><strong>frater</strong></span> <span class='ocrx_word' id='word_1_99' title='bbox 3295 2717 3386 2808; x_wconf 88' lang='lat'>&amp;</span> <span class='ocrx_word' id='word_1_100' title='bbox 3418 2713 3855 2806; x_wconf 84' lang='lat' dir='ltr'><strong>Conradus</strong></span> <span class='ocrx_word' id='word_1_101' title='bbox 3889 2785 3913 2827; x_wconf 90' lang='lat'><strong>,</strong></span> <span class='ocrx_word' id='word_1_102' title='bbox 3984 2715 4443 2836; x_wconf 81' lang='lat' dir='ltr'><strong>Urselingae</strong></span> 
     </span>
     <span class='ocr_line' id='line_1_21' title="bbox 1417 2857 3628 3002; baseline -0.002 -23"><span class='ocrx_word' id='word_1_103' title='bbox 1417 2889 1634 2979; x_wconf 84' lang='lat' dir='ltr'><strong>Dux</strong></span> <span class='ocrx_word' id='word_1_104' title='bbox 1649 2954 1671 2998; x_wconf 89' lang='lat'><strong>,</strong></span> <span class='ocrx_word' id='word_1_105' title='bbox 1740 2891 2122 2978; x_wconf 86' lang='lat' dir='ltr'><strong>emtionis</strong></span> <span class='ocrx_word' id='word_1_106' title='bbox 2158 2888 2432 2976; x_wconf 85' lang='lat' dir='ltr'>literas</span> <span class='ocrx_word' id='word_1_107' title='bbox 2467 2884 2627 2974; x_wconf 89' lang='lat' dir='ltr'><strong>suis</strong></span> <span class='ocrx_word' id='word_1_108' title='bbox 2662 2857 2929 3002; x_wconf 68' lang='lat' dir='ltr'><strong>figillis</strong></span> <span class='ocrx_word' id='word_1_109' title='bbox 2959 2885 3409 2973; x_wconf 83' lang='lat' dir='ltr'><strong>firmarunt.</strong></span> <span class='ocrx_word' id='word_1_110' title='bbox 3444 2886 3628 2998; x_wconf 84' lang='lat' dir='ltr'><strong>(x)</strong></span> 
     </span>
    </p>

    <p class='ocr_par' dir='ltr' id='par_1_13' title="bbox 1421 3047 4455 4365">
     <span class='ocr_line' id='line_1_22' title="bbox 1751 3047 4446 3182; baseline 0.001 -34"><span class='ocrx_word' id='word_1_111' title='bbox 1751 3058 2346 3177; x_wconf 85' lang='lat' dir='ltr'><strong>Quinquennio</strong></span> <span class='ocrx_word' id='word_1_112' title='bbox 2382 3053 2562 3173; x_wconf 88' lang='lat' dir='ltr'><strong>post</strong></span> <span class='ocrx_word' id='word_1_113' title='bbox 2575 3052 2813 3171; x_wconf 53' lang='lat' dir='ltr'><strong>fidem</strong></span> <span class='ocrx_word' id='word_1_114' title='bbox 2846 3047 2943 3141; x_wconf 89' lang='lat' dir='ltr'><strong>M</strong></span> <span class='ocrx_word' id='word_1_115' title='bbox 2946 3053 3229 3143; x_wconf 85' lang='lat' dir='ltr'><strong>archio</strong></span> <span class='ocrx_word' id='word_1_116' title='bbox 3264 3069 3472 3146; x_wconf 81' lang='lat' dir='ltr'><strong>cum‘</strong></span> <span class='ocrx_word' id='word_1_117' title='bbox 3496 3053 3667 3145; x_wconf 83' lang='lat' dir='ltr'><strong>filio</strong></span> <span class='ocrx_word' id='word_1_118' title='bbox 3716 3055 4207 3151; x_wconf 86' lang='lat' dir='ltr'>Hermanno</span> <span class='ocrx_word' id='word_1_119' title='bbox 4256 3093 4446 3182; x_wconf 88' lang='lat' dir='ltr'><strong>per-</strong></span> 
     </span>
     <span class='ocr_line' id='line_1_23' title="bbox 1421 3220 4447 3351; baseline 0.002 -34"><span class='ocrx_word' id='word_1_120' title='bbox 1421 3252 1768 3347; x_wconf 86' lang='lat' dir='ltr'><strong>petuum</strong></span> <span class='ocrx_word' id='word_1_121' title='bbox 1815 3228 1952 3342; x_wconf 82' lang='lat' dir='ltr'><strong>jus</strong></span> <span class='ocrx_word' id='word_1_122' title='bbox 2003 3249 2419 3346; x_wconf 84' lang='lat' dir='ltr'><strong>aperturae</strong></span> <span class='ocrx_word' id='word_1_123' title='bbox 2467 3226 2556 3309; x_wconf 85' lang='lat' dir='ltr'><strong>in</strong></span> <span class='ocrx_word' id='word_1_124' title='bbox 2604 3220 2867 3309; x_wconf 82' lang='lat' dir='ltr'>castro</span> <span class='ocrx_word' id='word_1_125' title='bbox 2913 3223 3078 3311; x_wconf 86' lang='lat' dir='ltr'><strong>hoc</strong></span> <span class='ocrx_word' id='word_1_126' title='bbox 3126 3222 3634 3343; x_wconf 77' lang='lat' dir='ltr'><strong>Ochfhnberg</strong></span> <span class='ocrx_word' id='word_1_127' title='bbox 3690 3253 3980 3319; x_wconf 86' lang='lat' dir='ltr'><strong>contra</strong></span> <span class='ocrx_word' id='word_1_128' title='bbox 4024 3235 4447 3351; x_wconf 75' lang='lat' dir='ltr'><strong>quemvis&#39;,</strong></span> 
     </span>
     <span class='ocr_line' id='line_1_24' title="bbox 1423 3390 4445 3519; baseline 0.003 -37"><span class='ocrx_word' id='word_1_129' title='bbox 1423 3420 1734 3516; x_wconf 86' lang='lat' dir='ltr'><strong>praeter</strong></span> <span class='ocrx_word' id='word_1_130' title='bbox 1788 3395 2318 3491; x_wconf 86' lang='lat' dir='ltr'><strong>Marchiones</strong></span> <span class='ocrx_word' id='word_1_131' title='bbox 2373 3390 2780 3481; x_wconf 79' lang='lat' dir='ltr'><strong>Badenses</strong></span> <span class='ocrx_word' id='word_1_132' title='bbox 2835 3392 3205 3513; x_wconf 85' lang='lat' dir='ltr'><strong>reliquos</strong></span> <span class='ocrx_word' id='word_1_133' title='bbox 3240 3464 3264 3506; x_wconf 87' lang='lat'>‚</span> <span class='ocrx_word' id='word_1_134' title='bbox 3346 3394 3881 3516; x_wconf 86' lang='lat' dir='ltr'><strong>Rudolphum</strong></span> <span class='ocrx_word' id='word_1_135' title='bbox 3942 3432 4239 3519; x_wconf 85' lang='lat' dir='ltr'><strong>nempe</strong></span> <span class='ocrx_word' id='word_1_136' title='bbox 4301 3434 4445 3519; x_wconf 84' lang='lat' dir='ltr'><strong>pa·-</strong></span> 
     </span>
     <span class='ocr_line' id='line_1_25' title="bbox 1427 3564 4447 3686; baseline -0.001 -27"><span class='ocrx_word' id='word_1_137' title='bbox 1427 3594 1708 3659; x_wconf 86' lang='lat' dir='ltr'><strong>truum</strong></span> <span class='ocrx_word' id='word_1_138' title='bbox 1727 3638 1751 3681; x_wconf 89' lang='lat'><strong>,</strong></span> <span class='ocrx_word' id='word_1_139' title='bbox 1809 3566 2349 3684; x_wconf 87' lang='lat' dir='ltr'><strong>Rudolphum</strong></span> <span class='ocrx_word' id='word_1_140' title='bbox 2379 3566 2729 3655; x_wconf 85' lang='lat' dir='ltr'><strong>fratrem</strong></span> <span class='ocrx_word' id='word_1_141' title='bbox 2767 3566 2856 3656; x_wconf 86' lang='lat'>&amp;</span> <span class='ocrx_word' id='word_1_142' title='bbox 2886 3564 3427 3683; x_wconf 89' lang='lat' dir='ltr'><strong>Rudolphum</strong></span> <span class='ocrx_word' id='word_1_143' title='bbox 3458 3564 3912 3657; x_wconf 80' lang='lat' dir='ltr'><strong>Hess&#39;onem</strong></span> <span class='ocrx_word' id='word_1_144' title='bbox 3948 3569 4402 3686; x_wconf 83' lang='lat' dir='ltr'><strong>patruelem</strong></span> <span class='ocrx_word' id='word_1_145' title='bbox 4420 3638 4447 3682; x_wconf 88' lang='lat'>‚</span> 
     </span>
     <span class='ocr_line' id='line_1_26' title="bbox 1433 3734 4450 3855; baseline -0.001 -26"><span class='ocrx_word' id='word_1_146' title='bbox 1433 3742 1756 3829; x_wconf 82' lang='lat' dir='ltr'><strong>civitati</strong></span> <span class='ocrx_word' id='word_1_147' title='bbox 1780 3832 1800 3848; x_wconf 60' lang='grc'><strong><em>,</em></strong></span> <span class='ocrx_word' id='word_1_148' title='bbox 1825 3735 2182 3853; x_wconf 74' lang='lat' dir='ltr'><strong>Spirensi</strong></span> <span class='ocrx_word' id='word_1_149' title='bbox 2249 3738 2652 3827; x_wconf 84' lang='lat' dir='ltr'><strong>concessit.</strong></span> <span class='ocrx_word' id='word_1_150' title='bbox 2683 3756 2692 3797; x_wconf 76' lang='lat'><em>¹</em></span> <span class='ocrx_word' id='word_1_151' title='bbox 2720 3739 2768 3853; x_wconf 93' lang='lat'>(</span> <span class='ocrx_word' id='word_1_152' title='bbox 2782 3742 2897 3855; x_wconf 79' lang='lat' dir='ltr'><strong>y)</strong></span> <span class='ocrx_word' id='word_1_153' title='bbox 3026 3734 3476 3824; x_wconf 83' lang='lat' dir='ltr'><strong>Memorati</strong></span> <span class='ocrx_word' id='word_1_154' title='bbox 3524 3735 4055 3825; x_wconf 83' lang='lat' dir='ltr'><strong>Marchiones</strong></span> <span class='ocrx_word' id='word_1_155' title='bbox 4118 3740 4450 3825; x_wconf 89' lang='lat' dir='ltr'><strong>biennio</strong></span> 
     </span>
     <span class='ocr_line' id='line_1_27' title="bbox 1435 3868 4454 4027; baseline 0.001 -32"><span class='ocrx_word' id='word_1_156' title='bbox 1435 3906 1622 4027; x_wconf 89' lang='lat' dir='ltr'><strong>post</strong></span> <span class='ocrx_word' id='word_1_157' title='bbox 1671 3905 1897 3995; x_wconf 89' lang='lat' dir='ltr'><strong>idem</strong></span> <span class='ocrx_word' id='word_1_158' title='bbox 1943 3904 2298 3994; x_wconf 85' lang='lat' dir='ltr'><strong>castrum</strong></span> <span class='ocrx_word' id='word_1_159' title='bbox 2349 3902 2707 3993; x_wconf 86' lang='lat' dir='ltr'><strong>Alberto</strong></span> <span class='ocrx_word' id='word_1_160' title='bbox 2745 3903 2851 3993; x_wconf 89' lang='lat' dir='ltr'><strong>de</strong></span> <span class='ocrx_word' id='word_1_161' title='bbox 2884 3902 3435 4023; x_wconf 88' lang='lat' dir='ltr'><strong>Gemmingen</strong></span> <span class='ocrx_word' id='word_1_162' title='bbox 3454 3978 3480 4020; x_wconf 89' lang='lat'>‚</span> <span class='ocrx_word' id='word_1_163' title='bbox 3534 3868 4019 4025; x_wconf 66' lang='lat' dir='ltr'><strong>Armigem,</strong></span> <span class='ocrx_word' id='word_1_164' title='bbox 4072 3907 4293 3997; x_wconf 70' lang='grc' dir='ltr'>(116ὶο</span> <span class='ocrx_word' id='word_1_165' title='bbox 4350 3908 4454 3997; x_wconf 86' lang='lat' dir='ltr'><strong>de</strong></span> 
     </span>
     <span class='ocr_line' id='line_1_28' title="bbox 1438 4078 4455 4201; baseline -0.002 -28"><span class='ocrx_word' id='word_1_166' title='bbox 1438 4078 1878 4197; x_wconf 87' lang='lat' dir='ltr'><strong>Enzeberg</strong></span> <span class='ocrx_word' id='word_1_167' title='bbox 1910 4145 1933 4186; x_wconf 92' lang='lat'>,</span> <span class='ocrx_word' id='word_1_168' title='bbox 2013 4083 2659 4199; x_wconf 85' lang='lat' dir='ltr'><strong>oppignerantes</strong></span> <span class='ocrx_word' id='word_1_169' title='bbox 2693 4145 2717 4188; x_wconf 91' lang='lat'>‚</span> <span class='ocrx_word' id='word_1_170' title='bbox 2800 4080 3021 4170; x_wconf 89' lang='lat' dir='ltr'><strong>idem</strong></span> <span class='ocrx_word' id='word_1_171' title='bbox 3076 4108 3408 4199; x_wconf 89' lang='lat' dir='ltr'><strong>quoque</strong></span> <span class='ocrx_word' id='word_1_172' title='bbox 3453 4086 3587 4197; x_wconf 86' lang='lat' dir='ltr'><strong>jus</strong></span> <span class='ocrx_word' id='word_1_173' title='bbox 3635 4078 4065 4171; x_wconf 87' lang='lat' dir='ltr'><strong>servarunt</strong></span> <span class='ocrx_word' id='word_1_174' title='bbox 4116 4078 4455 4201; x_wconf 88' lang='lat' dir='ltr'><strong>Spiren-</strong></span> 
     </span>
     <span class='ocr_line' id='line_1_29' title="bbox 1445 4242 4453 4365; baseline -0.002 -30"><span class='ocrx_word' id='word_1_175' title='bbox 1445 4247 1700 4357; x_wconf 75' lang='lat' dir='ltr'>fibu8‚</span> <span class='ocrx_word' id='word_1_176' title='bbox 1743 4244 1940 4362; x_wconf 78' lang='lat' dir='ltr'><strong>(z)</strong></span> <span class='ocrx_word' id='word_1_177' title='bbox 2017 4242 2324 4335; x_wconf 88' lang='lat' dir='ltr'><strong>solenni</strong></span> <span class='ocrx_word' id='word_1_178' title='bbox 2369 4246 2844 4361; x_wconf 80' lang='lat' dir='ltr'><strong>juramento</strong></span> <span class='ocrx_word' id='word_1_179' title='bbox 2890 4244 3288 4365; x_wconf 85' lang='lat' dir='ltr'><strong>praestito,</strong></span> <span class='ocrx_word' id='word_1_180' title='bbox 3364 4249 3677 4363; x_wconf 82' lang='lat' dir='ltr'><strong>absque</strong></span> <span class='ocrx_word' id='word_1_181' title='bbox 3714 4244 4214 4365; x_wconf 87' lang='lat' dir='ltr'><strong>Spirenfium</strong></span> <span class='ocrx_word' id='word_1_182' title='bbox 4253 4272 4453 4330; x_wconf 89' lang='lat' dir='ltr'><strong>con-</strong></span> 
     </span>
    </p>
   </div>
   <div class='ocr_carea' id='block_1_13' title="bbox 1647 4563 3935 4794">
    <p class='ocr_par' dir='ltr' id='par_1_14' title="bbox 1647 4563 3935 4794">
     <span class='ocr_line' id='line_1_30' title="bbox 1647 4563 3780 4653; baseline -0.001 -18"><span class='ocrx_word' id='word_1_183' title='bbox 1647 4567 1782 4653; x_wconf 78' lang='lat' dir='ltr'><strong>(u)</strong></span> <span class='ocrx_word' id='word_1_184' title='bbox 1821 4569 1929 4638; x_wconf 76' lang='lat' dir='ltr'><strong>Ad</strong></span> <span class='ocrx_word' id='word_1_185' title='bbox 1957 4568 2208 4637; x_wconf 77' lang='lat' dir='ltr'><strong>Enzm</strong></span> <span class='ocrx_word' id='word_1_186' title='bbox 2233 4574 2488 4637; x_wconf 69' lang='lat' dir='ltr'><strong>amnem</strong></span> <span class='ocrx_word' id='word_1_187' title='bbox 2505 4614 2528 4651; x_wconf 87' lang='lat'>‚</span> <span class='ocrx_word' id='word_1_188' title='bbox 2571 4566 2749 4633; x_wconf 81' lang='lat' dir='ltr'><strong>inter</strong></span> <span class='ocrx_word' id='word_1_189' title='bbox 2782 4563 3267 4631; x_wconf 77' lang='lat' dir='ltr'><strong>Pforzhemium</strong></span> <span class='ocrx_word' id='word_1_190' title='bbox 3287 4564 3361 4631; x_wconf 74' lang='grc' dir='ltr'><strong>ὅτ</strong></span> <span class='ocrx_word' id='word_1_191' title='bbox 3387 4563 3780 4651; x_wconf 72' lang='lat' dir='ltr'><strong>vaihingen.</strong></span> 
     </span>
     <span class='ocr_line' id='line_1_31' title="bbox 1649 4698 3935 4794; baseline -0.013 -4"><span class='ocrx_word' id='word_1_192' title='bbox 1649 4722 1680 4790; x_wconf 80' lang='grc'><strong>&lt;</strong></span> <span class='ocrx_word' id='word_1_193' title='bbox 1694 4720 1782 4787; x_wconf 79' lang='lat' dir='ltr'><strong>x)</strong></span> <span class='ocrx_word' id='word_1_194' title='bbox 1821 4714 1967 4783; x_wconf 68' lang='lat' dir='ltr'><strong>Dat.</strong></span> <span class='ocrx_word' id='word_1_195' title='bbox 1999 4713 2108 4780; x_wconf 69' lang='lat' dir='ltr'><strong>die</strong></span> <span class='ocrx_word' id='word_1_196' title='bbox 2137 4710 2338 4781; x_wconf 62' lang='lat' dir='ltr'><strong>Luna</strong></span> <span class='ocrx_word' id='word_1_197' title='bbox 2365 4706 2506 4794; x_wconf 79' lang='lat' dir='ltr'><strong>post</strong></span> <span class='ocrx_word' id='word_1_198' title='bbox 2529 4702 2595 4775; x_wconf 88' lang='lat' dir='ltr'><strong>S.</strong></span> <span class='ocrx_word' id='word_1_199' title='bbox 2620 4702 2795 4773; x_wconf 66' lang='lat' dir='ltr'><strong>Gaui</strong></span> <span class='ocrx_word' id='word_1_200' title='bbox 2818 4704 2903 4773; x_wconf 84' lang='lat' dir='ltr'><strong>A.</strong></span> <span class='ocrx_word' id='word_1_201' title='bbox 2926 4720 3094 4789; x_wconf 78' lang='lat'>¹3²1·</span> <span class='ocrx_word' id='word_1_202' title='bbox 3122 4703 3417 4770; x_wconf 70' lang='lat' dir='ltr'><strong>Tabuiar.</strong></span> <span class='ocrx_word' id='word_1_203' title='bbox 3450 4698 3935 4769; x_wconf 60' lang='lat' dir='ltr'><strong>Bada-Darne.</strong></span> 
     </span>
    </p>
   </div>
   <div class='ocr_carea' id='block_1_14' title="bbox 1655 4843 4085 5077">
    <p class='ocr_par' dir='ltr' id='par_1_15' title="bbox 1655 4843 4085 5077">
     <span class='ocr_line' id='line_1_32' title="bbox 1655 4843 3109 4952; baseline -0.01 -32"><span class='ocrx_word' id='word_1_204' title='bbox 1655 4854 1782 4935; x_wconf 78' lang='lat' dir='ltr'><strong>(y)</strong></span> <span class='ocrx_word' id='word_1_205' title='bbox 1823 4850 1877 4917; x_wconf 97' lang='lat' dir='ltr'>L</span> <span class='ocrx_word' id='word_1_206' title='bbox 1894 4874 1940 4917; x_wconf 78' lang='lat' dir='ltr'>E</span> <span class='ocrx_word' id='word_1_207' title='bbox 1955 4874 2008 4917; x_wconf 77' lang='lat' dir='ltr'>H</span> <span class='ocrx_word' id='word_1_208' title='bbox 2023 4872 2209 4918; x_wconf 72' lang='lat' dir='ltr'><strong>MAN</strong></span> <span class='ocrx_word' id='word_1_209' title='bbox 2224 4874 2292 4919; x_wconf 72' lang='lat' dir='ltr'><strong>N.</strong></span> <span class='ocrx_word' id='word_1_210' title='bbox 2323 4847 2542 4952; x_wconf 66' lang='lat' dir='ltr'><strong>Chr-on,</strong></span> <span class='ocrx_word' id='word_1_211' title='bbox 2597 4844 2768 4931; x_wconf 80' lang='lat' dir='ltr'><strong>Spir.</strong></span> <span class='ocrx_word' id='word_1_212' title='bbox 2798 4866 2943 4933; x_wconf 78' lang='lat' dir='ltr'><strong>pag.</strong></span> <span class='ocrx_word' id='word_1_213' title='bbox 2962 4843 3109 4925; x_wconf 86' lang='lat'><strong>676.</strong></span> 
     </span>
     <span class='ocr_line' id='line_1_33' title="bbox 1657 4972 4085 5077; baseline -0.005 -22"><span class='ocrx_word' id='word_1_214' title='bbox 1657 4997 1748 5077; x_wconf 81' lang='lat' dir='ltr'><strong>&lt;z</strong></span> <span class='ocrx_word' id='word_1_215' title='bbox 1761 4998 1789 5063; x_wconf 91' lang='lat'>)</span> <span class='ocrx_word' id='word_1_216' title='bbox 1832 4990 1886 5054; x_wconf 97' lang='lat' dir='ltr'>L</span> <span class='ocrx_word' id='word_1_217' title='bbox 1905 4996 2053 5056; x_wconf 71' lang='lat' dir='ltr'><strong>tim</strong></span> <span class='ocrx_word' id='word_1_218' title='bbox 2075 5008 2121 5053; x_wconf 73' lang='lat' dir='ltr'>a</span> <span class='ocrx_word' id='word_1_219' title='bbox 2153 4988 2410 5055; x_wconf 83' lang='lat' dir='ltr'><strong>Archiv.</strong></span> <span class='ocrx_word' id='word_1_220' title='bbox 2441 4990 2605 5071; x_wconf 80' lang='lat' dir='ltr'><strong>Imp.</strong></span> <span class='ocrx_word' id='word_1_221' title='bbox 2632 4984 2795 5054; x_wconf 73' lang='lat' dir='ltr'><strong>pai-t.</strong></span> <span class='ocrx_word' id='word_1_222' title='bbox 2822 4984 3010 5070; x_wconf 83' lang='lat' dir='ltr'><strong>Spee.</strong></span> <span class='ocrx_word' id='word_1_223' title='bbox 3039 4983 3295 5055; x_wconf 80' lang='lat' dir='ltr'><strong>Contin.</strong></span> <span class='ocrx_word' id='word_1_224' title='bbox 3310 4982 3421 5052; x_wconf 91' lang='lat' dir='ltr'><strong>IV.</strong></span> <span class='ocrx_word' id='word_1_225' title='bbox 3450 4980 3637 5047; x_wconf 84' lang='grc' dir='ltr'><strong>Τοιιι.</strong></span> <span class='ocrx_word' id='word_1_226' title='bbox 3656 4972 3751 5043; x_wconf 81' lang='lat'><strong>11.</strong></span> <span class='ocrx_word' id='word_1_227' title='bbox 3782 4994 3928 5062; x_wconf 72' lang='lat' dir='ltr'><strong>pag.</strong></span> <span class='ocrx_word' id='word_1_228' title='bbox 3946 4984 4085 5059; x_wconf 72' lang='lat'><strong>483.</strong></span> 
     </span>
    </p>
   </div>
  </div>
 </body>
</html>
