5185 6276
1464 461 1477 499 Χ

1038 573 2297 709 BERNHAnntANA
2413 583 3207 680 hunnus.
3451 615 3640 704 143

3757 785 4055 834 Acoeti&

632 901 1099 990 clefiasticae
1129 899 1267 990 vel
1296 895 1676 986 secularis
1709 896 2081 1018 personae
2113 897 2345 987 causa
2380 905 2676 1014 agitur.
2791 899 2876 990 A
2911 898 3156 1002 laudo
3188 927 3655 1016 provocare
3717 767 3757 844 J

634 1099 805 1156 non
854 1067 1075 1154 licet.
2480 1157 2485 1164 ‚

923 1229 931 1242 ·
1954 1203 2049 1354 §g
2162 1225 2341 1333 xl.

972 1393 1341 1548 Eodem
1374 1477 1755 1575 tempore
1790 1455 2153 1571 Jacobus
2175 1524 2200 1566 ‚1
2254 1458 2616 1574 acceptis
2661 1453 3126 1548 solennibus
3162 1456 3217 1548 l'i
3225 1463 3444 1574 τεῆς,
3489 1465 3682 1576 (m)
3732 1487 3954 1557 Testa-

644 1631 947 1747 quibus
978 1628 1121 1715 filii
1161 1651 1533 1746 paternae
1564 1627 1639 1716 se
1674 1627 2083 1717 voluntati
2120 1626 2645 1744 submittunt,
2703 1627 2949 1745 plura
2997 1625 3212 1718 inter
3259 1663 3412 1721 eos
3445 1636 3682 1722 testa·
3733 1587 4028 1738 3222?

652 1821 938 1885 mento
988 1795 1367 1915 disposuit
1385 1865 1408 1905 ‚
1459 1827 1659 1916 quae
1712 1799 1823 1932 ad
1869 1797 2440 1886 successionem
2492 1821 2945 1906 terrarum,
3019 1802 3150 1888 ad·
3175 1801 3690 1920 splendorem

656 1966 749 2056 &
782 1971 1293 2055 incrementa
1339 1967 1676 2056 Domus
1702 2035 1725 2078 ‚
1781 1973 2322 2084 mutuamque
2355 1957 2708 2056 fratrum
2747 1969 3280 2058 concordiam
3329 1980 3688 2090 pertine-

660 2165 755 2220 re
806 2124 1317 2224 videbantur.
2051 2089 2057 2098 ³
2546 2113 2554 2128 ’
3545 2225 3564 2252 ,.

982 2305 1395 2396 Catulum
1420 2373 1443 2414 ‚
1519 2305 2130 2414 Bernhardum,
2199 2301 2672 2426 Georgium
2713 2309 2984 2398 seculo
3011 2381 3035 2423 ,
3089 2309 3551 2424 Johannem
3605 2315 3696 2406 &

670 2477 1053 2569 Marcum
1091 2477 1456 2567 ecclefiae
1489 2476 1936 2564 destinavit.
2083 2474 2399 2565 Carolo
2450 2498 2652 2562 natu
2699 2453 2993 2592 majori
3047 2479 3524 2599 pleramque
3573 2479 3697 2570 su-

672 2654 1087 2768 periorem
1120 2645 1587 2736 Marchiam
1643 2673 1836 2731 cum
1864 2642 2488 2761 Spanheimenfi
2526 2641 2961 2730 Comitatu
2997 2643 3087 2733 ἃ
3121 2643 3701 2735 Marchionatu

676 2821 1257 2935 Hachbergico
1308 2847 1409 2902 ac
1464 2813 1886 2928 Dynastiis
1941 2810 2391 2929 Hohingen
2424 2881 2448 2922 ‚
2544 2811 2769 2902 Lahr
2825 2814 2915 2904 δι
2978 2811 3414 2931 Mahlberg
3481 2819 3705 2903 attri-

684 2991 885 3078 buit.
934 2988 1118 3101 (n)
1234 2981 1687 3070 Inferiores
1736 3001 1999 3068 terras
2050 2983 2266 3068 inter
2314 2981 2535 3070 filios
2583 2983 3088 3100 postgenitos
3142 2973 3714 3071 Bernhardum

686 3162 781 3255 &
810 3146 1275 3277 Georgium
1311 3157 1619 3247 divifit:
1697 3151 1816 3241 ilfi
1855 3152 2481 3241 Psorzhemium
2503 3221 2525 3263 ,
2599 3154 2791 3241 huic
2827 3152 3303 3240 Dur-lacum
3333 3149 3555 3238 sedes
3587 3180 3716 3239 re-

686 3327 1025 3445 giminis
1072 3326 1509 3413 constituit.
1678 3320 1976 3412 Sortes
2031 3321 2121 3411 &
2174 3320 2397 3439 spem
2450 3321 2686 3441 super
2721 3320 3320 3437 Lichtenberg‚
3370 3323 3562 3435 jura
3597 3318 3740 3441 suff

696 3526 843 3613 per
892 3494 1263 3597 Ducissae
1310 3494 1880 3610 Lotharingiae
1940 3492 2478 3582 hereditatem
2498 3560 2519 3603 ,
2584 3497 2774 3611 jura
2844 3496 2930 3581 in
2997 3491 3368 3609 Mutzig3
3452 3494 3730 3583 debita

698 3664 995 3785 Papae,
1064 3663 1407 3753 Caesaris
1430 3732 1449 3771 ‚
1530 3662 1935 3773 Austriae‚
2013 3657 2447 3777 Oettingae
2480 3662 2571 3752 &
2615 3662 2779 3749 alia
2809 3664 2894 3748 in
2927 3664 3514 3751 communione
3545 3662 3731 3749 reli-

702 3839 905 3951 quit.
1018 3835 1371 3948 johanni
1404 3856 1685 3921 autem
1720 3832 1811 3921 δι
1850 3828 2141 3918 Marco
2176 3858 2499 3921 annuas
2552 3831 2778 3923 mille
2836 3832 3349 3922 florenorum
3399 3831 3731 3963 affigna-

622 4108 629 4126 ⁸
689 4013 843 4099 'vit
874 4008 1295 4124 penfiones
1315 4074 1337 4114 ‚
1394 4036 1750 4123 quarum
1783 4004 2115 4093 dimidia
2146 4034 2343 4123 pars
2376 4002 2660 4115 ceffet,
2718 4005 3050 4094 fimulac
3080 4028 3436 4126 uterque
3473 4006 3737 4093 eccle-

712 4176 1039 4265 fiasticis
1091 4206 1211 4261 ex
1264 4176 1677 4263 beneficiis
1728 4175 2073 4263 totidem
2127 4178 2581 4266 obtinuerit
2649 4152 3030 4269 florenos.
3263 4180 3482 4271 Tota
3535 4209 3737 4299 pen-

662 4408 665 4413 -
724 4346 839 4433 fio
892 4344 1169 4459 cesset,
1226 4348 1373 4433 ubi
1422 4371 1569 4436 aut
1617 4310 2162 4468 Episcopatus
2198 4413 2222 4456 ,
2311 4369 2457 4434 aut
2504 4348 2638 4435 bis
2691 4342 2917 4435 'mille
2969 4346 3476 4434 florenorum
3526 4346 3742 4435 redi-

930 4741 1073 4809 (m)
1116 4735 1239 4798 Die
1274 4736 1583 4799 Mercurii
1616 4734 1751 4821 post
1780 4730 2402 4814 Quafimodogeniti.

932 4867 1069 4953 (n)
1112 4870 1350 4937 Literae
1382 4856 1923 4961 ipsis-‘testamenti
1960 4871 2197 4939 tabulis
2224 4870 2513 4939 insertae.
