5185 6276
1072 699 2320 837 BERNHARDIAN4
2438 685 3235 799 PERIoDUs
3512 741 3669 808 1ss

3732 887 4059 958 nunnus.

663 993 714 1120 ,',
829 993 1388 1130 inscriptione:
1502 1081 1550 1128 ,‚
1605 1015 1862 1104 Anno
1893 1015 2242 1104 Domini
2296 1047 2376 1102 M
2403 1041 2458 1104 c
2482 1045 2535 1104 c
2559 1043 2614 1102 c
2638 1043 2689 1104 c
2712 1045 2781 1102 Χ
2800 1046 2872 1104 Χ
2902 1048 2973 1104 Χ
3003 1049 3067 1106 1.
3099 1017 3473 1109 Sabbato
3504 1023 3685 1139 post
4166 1008 4171 1017 ¹

661 1244 710 1286 „
825 1181 1393 1304 inventionem
1425 1180 1760 1274 San&ae
1799 1179 2094 1274 Crucis
2142 1184 2351 1270 obiit
2400 1180 2738 1271 Illustris
2786 1181 3179 1301 Princeps
3214 1185 3681 1307 Bernardus

659 1407 720 1454 ,‚
835 1342 962 1432 Ba
1074 1399 1114 1416 -
1229 1397 1270 1415 -
1379 1404 1419 1421 -
1531 1375 1568 1441 t
1615 1354 1700 1440 in
1753 1384 1978 1472 pace.
2035 1420 2082 1463 „
2167 1351 2683 1481 ‚Notandum
2729 1381 2939 1442 vero
2969 1421 2991 1462 ,
3066 1355 3290 1468 quod
3338 1355 3529 1444 huic
3562 1355 3683 1445 la-

665 1575 749 1622 „·
828 1512 1018 1630 pidi
1040 1514 1493 1608 detraClum
1521 1521 1772 1640 suerit
1808 1557 1928 1626 aes
1982 1553 2230 1614 omne
2277 1523 2540 1613 fusum
2575 1551 2769 1610 cum
2804 1521 3068 1636 figura
3100 1521 3429 1633 statuae,
3484 1526 3687 1612 scuti

435 1683 447 1696 ’
627 1727 714 1790 «„
829 1707 930 1768 ac
973 1683 1281 1801 galeae,
1353 1719 1454 1778 ac
1504 1691 2126 1810 circumscriptis
2179 1691 2443 1780 literis
2463 1759 2488 1801 ,
2555 1712 2835 1776 tamen
2869 1715 2985 1774 ex
3018 1685 3357 1777 incisura
3380 1683 3679 1809 lapidis

661 1911 708 1956 n
823 1849 1010 1940 haec
1058 1861 1340 1958 Omnia
1387 1860 1658 1952 adhuc
1708 1859 2052 1980 legenda
2099 1863 2190 1954 δι
2245 1859 2811 1979 cognoscenda
2874 1882 3109 1948 erant
3172 1860 3264 1951 &
3329 1855 3684 1947 curioso-

663 2077 715 2125 „
821 2049 1010 2111 rum
1065 2027 1539 2147 inspestioni
1605 2035 1991 2152 prostant.
2119 2095 2168 2143 „

923 2193 1133 2284 ΕΧ
1163 2206 1514 2290 narratis
1547 2203 1676 2289 his
1707 2201 1794 2292 R
1815 2231 1878 2292 o
1900 2233 1959 2291 T
1983 2233 2040 2290 E
2062 2231 2130 2290 N
2153 2231 2218 2290 B
2241 2231 2299 2290 E
2323 2227 2392 2290 R
2414 2225 2476 2289 G
2505 2232 2541 2292 1
2568 2230 2639 2291 U
2664 2227 2711 2290 s
2746 2195 3101 2318 colligit,
3155 2232 3270 2290 ex
3306 2199 3679 2292 Ecclesia

653 2363 996 2462 Badenfi
1049 2377 1136 2464 in
1183 2374 1625 2465 Albensem
1666 2375 2240 2464 Dominorum
2285 2372 2789 2464 translatum
2815 2366 3051 2458 fuisse
3085 2401 3387 2490 corpus
3419 2371 3677 2462 Bern-

651 2539 890 2630 hardi
924 2577 948 2646 ;
1045 2544 1670 2635 translationem
1715 2544 1857 2634 sub
1907 2541 2219 2632 Carolo
2289 2567 2603 2662 nepote
2670 2541 2979 2632 saslam
3044 2539 3201 2630 esse
3268 2566 3679 2661 reputans·

657 2706 983 2798 Verum
1015 2717 1446 2804 enimvero
1479 2781 1504 2824 ‚
1577 2743 1774 2833 quae
1825 2711 2066 2810 causa
2113 2714 2508 2801 inducere
2562 2733 2949 2831 potuerat
2996 2732 3385 2826 nepotem
3403 2779 3426 2820 ,
3498 2709 3677 2800 Avi

655 2877 768 2967 sui
817 2911 1108 2970 manes
1154 2905 1334 2971 tam
1389 2883 1701 2972 duriter
1761 2907 1856 2972 ut
1905 2882 2290 2972 trafiaret
2327 2916 2350 2987 ;
2445 2877 2976 2999 sepulcralem
3024 2901 3118 2965 ut
3171 2876 3680 2992 diffringeret

656 3045 1012 3168 lapidem
1029 3121 1051 3164 ‚
1107 3057 1308 3174 quin
1345 3055 1436 3148 ὅ(
1467 3056 1856 3145 omnibus
1893 3055 2400 3145 ornamentis
2441 3081 2842 3171 aereque„
2900 3003 3211 3168 figuris*
3244 3046 3677 3166 literisque

651 3220 939 3334 infuso,
969 3221 1370 3342 spoliaret.
1483 3225 1854 3317 Barbara
1886 3228 2073 3317 haec
2102 3224 2449 3318 violatio
2485 3221 2855 3344 sepulcri,
2889 3250 3060 3307 non
3092 3217 3519 3306 translatio
3556 3216 3681 3303 di-

655 3415 938 3507 cenda,
1051 3400 1596 3503 Verifimilior
1633 3396 2032 3487 sententia
2073 3393 2192 3483 est
2209 3455 2234 3502 ‚
2289 3388 2869 3497 Bemhardum
2904 3389 2990 3472 in
3028 3380 3487 3471 Parochiali
3518 3381 3685 3469 Ba·
3828 3501 3837 3521 ι

649 3588 1023 3680 densium
1050 3577 1417 3673 Ecclesia
1441 3558 1794 3665 ‘voluiss’e
1825 3565 2180 3685 sepeliri,
2253 3562 2483 3682 quod
2505 3560 2751 3650 ,illam
2787 3555 3248 3645 ornandam
3280 3553 3675 3642 decreve-

647 3784 782 3852 rat
801 3830 826 3873 ‚
863 3696 1420 3866 necunquam
1453 3769 1570 3829 ex
1602 3770 1704 3828 ea
1735 3732 1968 3827 fuisse
2001 3728 2395 3847 ablatum.
2487 3730 2869 3851 Sepulcri
2901 3706 3273 3849 spoliatio
3308 3726 3423 3816 illi
3457 3750 3672 3815 tem-

653 3926 839 4045 pori
888 3914 1414 4007 adscribenda
1445 3978 1470 4020 ,
1545 3938 1719 4029 quo
1752 3905 1984 3995 Bada
2021 3910 2296 3995 omnis
2331 3904 2423 3995 &
2455 3903 2834 3994 Castrum
2852 3968 2877 4010 ,
2930 3900 3345 4019 superiore
3394 3896 3664 3988 seculo
3750 4034 3757 4041 ¹

647 4098 986 4187 finiente
1000 4155 1022 4197 ‚
1065 4085 1386 4176 bellicis
1426 4081 1711 4175 eversa
1741 4077 2189 4169 furoribus,
2307 4070 2699 4194 Superest
2729 4099 2933 4189 ergo
2952 4140 2975 4183 ‚
3024 4094 3119 4159 ut
3150 4066 3666 4158 Mausoleum

649 4254 1000 4349 Albense
1033 4252 1494 4345 Bernhardi
1520 4208 2092 4399 Honor-arium
2122 4247 2516 4336 dicamus,

2065 4471 2162 4564 X
2176 4472 2258 4562 L
2277 4470 2451 4563 IX.

972 4604 1403 4775 Princeps
1451 4648 1610 4739 fuit
1656 4478 2083 4765 egregius,
2163 4644 2377 4730 inter
2423 4658 2807 4759 potentes
2839 4636 2933 4727 &
2968 4629 3399 4723 bellicosos
3449 4626 3664 4718 Ger·
3706 4658 3943 4726 chara-

641 4838 948 4929 maniae
981 4832 1417 4950 Magnates
1450 4823 1570 4915 sui
1601 4819 1849 4912 seculi
1878 4812 2410 4932 reputandus.
2523 4802 3001 4899 Gloriosum
3034 4803 3206 4917 ejus
3238 4797 3666 4917 sexaginta
3708 4744 3847 4813 &er
3860 4822 3871 4831 ·

567 5020 579 5029 ’
769 5034 938 5101 Tom-
955 5028 1054 5097 II.
2365 4976 2462 5089 Q
