5185 6276
1515 739 1679 804 122
1961 709 2565 804 Hrs‘ron.
2682 711 3438 804 BA'nEnsrs
3556 703 4058 799 Lrn.IV.

1141 857 1475 942 Bman.

1509 1045 1918 1128 annorum
1948 1087 1974 1128 ‚
2064 1018 2207 1107 sub
2262 1027 2635 1141 quinque
2684 1019 3345 1138 Imperatoribus
3390 1019 3761 1134 regimen
3779 1082 3803 1124 ‚
3875 1042 4046 1133 quo
4104 1015 4527 1136 sapientia,

1501 1187 1841 1304 justitia,
1866 1183 2372 1309 integritate‚'
2403 1191 2891 1280 fortitudine
2911 1193 3237 1298 mentiS‚
3265 1187 3471 1276 nulli
3488 1187 3973 1306 Principum
3989 1155 4231 1279 facile
4248 1184 4531 1284 secun-
4558 1289 4561 1294 ,

1507 1365 1682 1452 dus,
1911 1362 2165 1481 Apud
2207 1364 2846 1481 sigismundum
2894 1338 3105 1481 Imp.
3149 1362 3383 1474 cujus
3418 1357 3906 1448 electionem
3938 1390 4528 1481 promoverat,

1503 1555 1736 1622 tanta
1785 1536 1958 1648 ejus
2003 1533 2158 1628 fuit
2207 1531 2701 1646 auctoritas,
2776 1556 2874 1620 ut
2910 1529 3389 1620 difficillima
3423 1533 3759 1644 negotia
3788 1531 3965 1644 ejus
4004 1513 4341 1620 consilio
4373 1565 4527 1624 ex-

1498 1703 1824 1820 pediret
1869 1703 1959 1794 &
2007 1733 2302 1792 manu.·
2395 1699 2636 1791 Bello
2672 1701 3336 1820 incomparabilis
3354 1768 3377 1812 ,
3435 1703 3652 1789 inter
3698 1727 4137 1822 perpetuas
4184 1706 4521 1800 illorum

1497 1887 1973 1994 temporum
2012 1881 2298 1966 turbas
2319 1948 2341 1989 ‚
2399 1880 2707 1998 quibus
2764 1879 3046 1966 omnia
3104 1879 3193 1966 vi
3246 1877 3339 1968 &
3388 1877 3645 1964 armis
3698 1879 4238 1992 gerebantur,
4294 1886 4521 2000 pacis

1497 2069 1777 2134 tamen
1809 2043 2198 2134 studiosus
2230 2048 2319 2136 &
2353 2043 2621 2135 sancie
2656 2046 2978 2136 foedera
3010 2043 3314 2133 colens,
3443 2041 3697 2136 Unde
3727 2044 4060 2133 nonnisi
4109 2075 4543 2165 provoca-‘

1497 2239 1630 2308 tus
1680 2211 2379 2336 defendendisque
2426 2217 2585 2307 suis
2626 2219 2953 2334 juribus
3005 2218 3096 2310 ὃ(
3144 2215 3379 2306 sociis
3428 2217 3697 2306 induit
3748 2247 3999 2304 arma.
4182 2217 4523 2312 Diffidia

1495 2389 1859 2475 aliorum
1917 2385 2052 2474 sua
2102 2384 2311 2503 saepe
2363 2385 2931 2475 interceffione
2980 2383 3499 2504 composuit:
3588 2383 3995 2474 officiosus
4056 2387 4143 2473 in
4203 2418 4519 2478 omnes,

1489 2555 1651 2646 Rei
1682 2559 2052 2644 intentus
2089 2554 2559 2644 domesticae
2578 2626 2604 2668 ,
2662 2553 2794 2644 sed
2838 2519 3317 2665 munificus,
3374 2577 3469 2641 ut
3498 2555 3963 2673 principem
3997 2556 4237 2646 decet
4268 2582 4515 2677 atque

1493 2723 1896 2833 liberalis,
1968 2723 2675 2834 Marc-hionium,
2752 2725 3148 2842 dignitate
3202 2725 3504 2846 opibus
3560 2725 3654 2816 &
3706 2731 4091 2844 potentia
4140 2727 4469 2822 anetum
4488 2801 4519 2844 ,
4560 2831 4565 2834 ,

1333 2947 1346 2964 =
1493 2897 1842 3016 posteris
1875 2896 2260 2986 tradidit..

2862 3065 2945 3185 §.
3059 3065 3160 3158 L

1129 3244 1503 3359 cancella-⁶
1723 3218 1733 3225 ¹
1825 3186 2488 3336 cancellariam
2567 3238 2659 3332 δι
2737 3236 3089 3327 Curiam
3164 3241 3250 3325 in
3328 3238 3769 3331 meliorem
3842 3243 4223 3335 ordinem
4286 3248 4523 3338 rede-

1127 3344 1460 3497 {iz-&eu-
1488 3368 1641 3533 'gin
1754 3410 2130 3509 Vasallos
2149 3478 2171 3519 ‚
2219 3409 2564 3524 Judiciis
2598 3408 3069 3501 feudalibus
3120 3432 3217 3499 ut
3264 3409 3741 3529 frequentes
3773 3408 4279 3524 interessent,
4328 3442 4519 3530 gra-

1493 3580 1708 3673 'vite'r
1747 3586 2096 3670 monuit.
4081 3587 4089 3597 ’

1603 3724 1610 3734 ’
1822 3745 2342 3855 Cancellario
2389 3746 2580 3836 usus
2632 3749 2750 3838 est
2794 3749 3175 3863 Johanne
3214 3750 3321 3839 de
3356 3750 3783 3861 Bruss'ella,
3840 3778 4095 3869 quem
4128 3758 4215 3841 in
4254 3753 4521 3849 literis

1496 3916 1604 4007 A.
1646 3944 1938 4024 1422.
2053 3913 2415 4044 Scribam
2465 3916 2861 4034 appellat,
2918 3920 3005 4005 in
3056 3920 3289 4033 cujus
3340 3921 3739 4037 potestate
3790 3918 4063 4009 fuerat
4096 3920 4534 4016 Marchio-

1495 4092 1625 4177 nis
1679 4086 2045 4205 figillum.
2197 4085 2429 4176 Idem
2479 4092 2564 4175 in
2607 4089 2926 4179 Charta
2977 4090 3083 4180 A.
3144 4120 3184 4177 1
3208 4118 3337 4198 42
3358 4118 3437 4208 4.
3486 4078 3844 4180 vocatur
3913 4155 3963 4205 „
3996 4088 4519 4187 Venerabilis

1499 4330 1548 4375 ‚,
1662 4259 1823 4352 Vir
1869 4250 2283 4349 Dominus
2329 4259 2751 4373 Johannes
2804 4262 2905 4351 de
2950 4260 3344 4351 Brufl'ella
3364 4334 3386 4375 ,
3444 4258 4071 4369 Protonotarius
4109 4260 4517 4350 illustriffi-

1448 4438 1469 4447 ”
1497 4500 1544 4543 ,,
1654 4434 1774 4519 mi
1824 4429 2231 4537 Principis
2282 4459 2382 4516 ac
2439 4427 2787 4518 Domini
2835 4428 3291 4517 Bernhardi
3343 4423 3855 4521 Marchionis
3934 4428 4035 4517 de
4102 4423 4409 4515 Baden.
4464 4492 4517 4540 ‚,

1495 4597 1988 4687 Cancellarii
2019 4623 2368 4687 munere
2399 4626 2601 4714 ergo
2632 4596 3124 4715 fungebatur
3156 4594 3575 4709 Johannes
3594 4663 3617 4704 ,
3656 4626 3965 4685 nomen
4002 4596 4189 4683 licet
4216 4599 4304 4681 in
4334 4596 4516 4682 Au-

1287 4768 1303 4783 ’
1491 4768 1575 4861 la
1605 4769 1946 4861 Badenfi
1985 4803 2154 4861 non
2185 4771 2434 4892 fuerit
2465 4772 2554 4855 in
2585 4768 2751 4855 usu.
2868 4764 3219 4855 Politica
3245 4764 3335 4855 &
3366 4766 3643 4855 civilia
3674 4765 3776 4852 ab
3810 4795 3915 4852 eo
3951 4762 4517 4853 traciabantur

1497 4941 1858 5052 negotia.
1973 4934 2431 5063 Confiliarii
2481 4958 2665 5022 tum
2692 4937 3083 5073 ’nondum
3144 4942 3231 5024 in
3289 4933 3668 5057 Collegia
3732 4935 4150 5029 distributi.
4265 4920 4521 5027 Unde
