5185 6276
1522 660 1587 743 6·
1973 647 2581 737 His'ron.
2694 604 3460 728 BAnn'ns'1s
3576 627 4058 718 L113.1V.

3937 797 4555 866 ·““·“““·“““;-“··.“.“;“-·“.ὲ

1700 959 1712 966 ’
1850 955 2149 1047 Eidem
2197 953 2588 1041 coenobio
2641 950 2804 1037 duo
2858 945 3166 1035 talenta
3213 945 3628 1034 Hallenfia
3676 975 3792 1034 ex
3835 942 4034 1034 villa
4079 941 4240 1032 sua.
4267 943 4377 1034 N
4367 969 4538 1031 eue-

1024 905 1031 912 ,
1140 801 1422 897 Ruml.

1528 1133 1765 1226 nuth
1805 1128 2230 1218 annuatim
2264 1117 2794 1243 percipienda
2813 1187 2835 1230 ‚
2905 1145 3061 1204 nec
3093 1144 3262 1204 non
3301 1113 3663 1205 decimas
3695 1119 4052 1205 minutas
4085 1113 4306 1205 viuae
4338 1109 4556 1237 Lim:
4637 1141 4650 1152 ·

1531 1297 1907 1390 ehenheim
1969 1295 2075 1383 A.
2131 1326 2170 1382 1
2197 1319 2419 1408 272.
2460 1285 2888 1402 -adscripfit
2919 1353 2943 1396 ‚
3032 1283 3123 1375 δι
3159 1284 3492 1372 biennio
3554 1281 3775 1401 post,
3864 1311 4034 1369 una
4087 1309 4282 1369 eum
4347 1309 4558 1367 con-

1526 1423 1724 1585 juge
1774 1467 1974 1556 duas
2023 1465 2295 1551 curias
2348 1461 2432 1544 in
2486 1453 2858 1543 Burthen
2876 1520 2898 1561 ‚
2970 1451 3482 1570 (Beyerten)
3548 1484 3752 1573 quas
3820 1453 4162 1547 Wezelo
4236 1452 4564 1543 Comes·

1536 1637 1627 1726 ἃ
1690 1634 2110 1724 Henricus
2176 1627 2430 1742 miles·
2479 1625 2556 1712 ei
2629 1622 3022 1713 dederant
3054 1688 3079 1733 ,
3150 1627 3250 1711 in·
3286 1627 3546 1715 castro
3607 1625 3752 1716 suo
3797 1625 4286 1743 «Grezingen
4349 1654 4558 1712 con-v

1534 1806 1927 1896 firmavit.-
1968 1798 2117 1916 (l)
3191 1781 3204 1786 ’

1153 2004 1463 2072 Schwarz
1704 2023 1719 2040 ι
1872 1967 2521 2062 Schwarzacum
2540 2037 2563 2078 ‚
2638 1960 2859 2054 aliud
2911 1961 3252 2054 Ordinis
3308 1955 3395 2054 S.
3443 1961 3747 2052 Bened.
3796 1959 4312 2054 Coenobium
4331 2029 4354 2071 ‚
4409 1987 4560 2079 per

1156 2093 1295 2158 '⁰¹²‘
1542 2139 1819 2232 literas
1837 2204 1859 2247 ‚
1932 2135 2034 2227 A.
2077 2167 2111 2226 1
2133 2167 2188 2231 2
2208 2153 2259 2241 8
2282 2155 2357 2240 8.
2404 2133 2902 2224 Ebersteinii
2951 2117 3240 2241 datas,
3313 2133 3648 2221 vineam
3697 2134 3788 2217 in
3821 2114 4231 2246 *Alswiler
4279 2129 4388 2216 ab
4456 2153 4564 2214 eo

1550 2333 1887 2426 quoque
1938 2307 2260 2422 accepit
2308 2303 2393 2389 in
2444 2301 2780 2391 donum.
2817 2301 3012 2415 (m)

1128 2433 1374 2554 ‘Back-
1552 2478 1561 2489 '
1876 2464 2402 2588 Backnangae
2452 2470 2873 2559 ecelesiam
2891 2535 2914 2580 ‚
2995 2475 3097 2562 ab
3149 2472 3518 2564 hostibus
3555 2471 3952 2563 vastatam
3969 2539 3993 2582 ‚
4063 2467 4563 2590 Rudolphus

1168 2591 1356 2656 'mg‘
1544 2669 1749 2728 eum
1791 2637 2046 2726 fratre
2092 2637 2237 2726 suo
2284 2633 2779 2727 Hermanno
2821 2641 3347 2734 restauravit.
3398 2647 3441 2754 (
3456 2647 3568 2756 n)
3685 2637 4170 2732 Eorundem
4217 2619 4570 2730 fratrum

1556 2806 1995 2902 Hermanm‘
2025 2807 2118 2897 &
2148 2803 2561 2924 Rudolphi
2576 2871 2600 2920 ,
2657 2809 3224 2901 Man-bionum
3253 2812 3348 2903 de
3377 2811 3697 2921 Eadem,
3753 2813 4136 2931 precibus
4191 2807 4570 2899 industus

1558 2978 2087 3071 Innocentius
2118 2973 2285 3068 IV.
2340 2974 2735 3068 Pontifex
2797 2957 3228 3071 Maximus
3299 2977 3692 3100 Magistro
3739 2979 4180 3094 Bertoldog
4275 2981 4581 3072 refiiori

1550 3148 1925 3238 ecclefiae
1976 3150 2082 3238 de
2127 3149 2404 3238 Acher
2438 3216 2462 3259 ‚
2536 3147 3156 3265 Argentinenfis
3211 3152 3586 3241 dioecefis
3603 3221 3626 3262 ,
3700 3153 4224 3272 privilegium
4272 3158 4580 3274 praeter

1560 3318 1963 3407 beneficia
2015 3318 2594 3431 ecclesiastica,
2686 3350 2877 3438 quae
2920 3326 3096 3436 jam
3151 3342 3338 3419 tum
3384 3322 3711 3429 habuit,
3789 3320 4006 3411 aliud
4051 3353 4388 3442 quoque
4436 3325 4580 3412 be’-

1565 3486 1954 3575 neficium
1986 3484 2123 3575 seu
2154 3488 2646 3603 dignitatem
2680 3492 3155 3611 recipiendi
3191 3493 3596 3583 conceffit.
3649 3498 3812 3615 (o)
4466 3434 4538 3523 o

2873 3768 2950 3893 §-
3066 3769 3154 3869 v
3172 3772 3296 3865 11.

1194 4028 1327 4099 Res
1364 4048 1483 4114 ge·
1848 3996 1855 4003 ’
1904 3938 2439 4116 Rudolphus
2508 3998 2788 4089 noster
2841 4004 2930 4091 in
2980 4001 3357 4092 ecclefias
3427 3997 3780 4102 liberalis
3831 4002 4240 4101 Marchiae
4314 4008 4594 4097 tamen

1196 4120 1327 4241 staef
1416 4148 1425 4159 ’
1579 4168 1745 4263 suae
1782 4201 1955 4259 non
1989 4200 2290 4290 parum
2324 4170 2775 4293 prospexit.

1786 4486 1897 4571 (Ι)
1937 4484 2061 4551 GA
2082 4506 2365 4551 ΜΑΝεῙ
2386 4504 2487 4551 us
2526 4496 2804 4571 pag.188·

1790 4628 1946 4707 (m)
1984 4625 2399 4691 Tabularium
2426 4624 2836 4694 Schwarzac.

1796 4762 1924 4842 (n)
1965 4760 2009 4827 S
2022 4786 2072 4829 A
2090 4786 2135 4829 ‘r
2155 4787 2199 4831 ‘r
2220 4788 2263 4831 L
2281 4788 2327 4831 E
2344 4788 2409 4831 R*
2421 4764 2885 4853 Wiirtenberg.
2909 4767 3070 4838 Part.
3083 4768 3133 4837 I.
3157 4791 3304 4860 pag.
3323 4786 3435 4849 135.

1799 4906 1827 4975 (
1842 4897 1925 4979 o)
1964 4897 2491 4989 Codex-Diplom.
2518 4906 2780 4979 Badens.
2911 4912 2917 4919 ’
3027 4952 3033 4959 -
3553 5004 3556 5008 1
4327 4937 4358 4991 )
