5185 6276
1135 705 2235 800 .'R.UnoL1³H1NA
2357 712 3169 804 Pmuonus.
3593 745 3709 834 49

3758 899 4089 972 RumV.

1009 1017 1172 1104 Per
1221 1016 1787 1106 investituram
1841 1014 2149 1107 Caesari
2168 1087 2190 1128 ,
2242 1041 2486 1108 extra
2514 1019 3186 1111 Marchionatum
3256 1023 3710 1114 Badensem

686 1183 1006 1273 bellum'
1027 1182 1356 1299 gesturo
1376 1249 1398 1290 ,
1454 1187 2044 1302 quinquaginta
2079 1186 2384 1274 milites
2453 1182 2823 1300 galeatos
2896 1186 2975 1272 se
3041 1189 3343 1280 debere
3386 1191 3707 1284 Rudol-

687 1351 898 1468 phus
952 1350 1350 1470 profess'us
1405 1354 1540 1444 est.
1599 1355 1780 1468 (o)

1017 1605 1369 1696 Biennio
1427 1609 1604 1727 post
1649 1629 1930 1698 tamen
1986 1580 2356 1727 ejusdern
2389 1607 2742 1700 Caesaris
2778 1607 3261 1698 auctoritate
3280 1683 3303 1722 ‚
3358 1641 3529 1700 non
3577 1645 3709 1704 re-

688 1777 1211 1908 fragantibus
1255 1775 1326 1866 F
1326 1777 1679 1866 riderico
1731 1781 1826 1870 &-
1894 1778 2355 1899 Rudolpho
2447 1776 3070 1866 Marchionibus
3110 1846 3143 1886 ,
3209 1777 3711 1874 Ortenaviae

691 1939 1160 2034 Advocatia
1212 1949 1295 2032 in
1329 1941 1698 2036 Bertoldi
1735 1946 1778 2033 1
1795 1945 1859 2036 I.
1909 1941 2294 2064 Episcopi
2345 1943 2963 2060 Argentinenfis
3013 1971 3309 2035 manus
3345 1944 3711 2066 legitima

691 2109 1129 2204 reluitione
1184 2117 1572 2207 tranfivit.

1025 2369 1380 2460 Carolus
1413 2367 1576 2462 IV.
1608 2367 1712 2459 de
1745 2397 1953 2488 pace
1986 2363 2323 2487 publica
2355 2362 2764 2455 Rhenenfi
2797 2365 3189 2456 sollicitus
3208 2433 3231 2474 ‚
3286 2367 3390 2456 A.
3420 2401 3459 2456 1
3489 2397 3538 2484 3
3563 2395 3611 2485 5
3636 2403 3708 2488 3.

659 2539 1092 2637 ‘triennale
1151 2541 1430 2630 foedus
1486 2539 1950 2630 Procerum
2041 2570 2142 2627 ac
2231 2537 2686 2628 Civitatum
2772 2533 3155 2624 stabilivit
3245 2532 3711 2654 Hagenoae.

697 2773 746 2820 ‚‚
857 2711 1217 2802 Recessit
1281 2735 1556 2800 autem
1603 2708 2060 2802 Weckerus
2097 2706 2478 2796 Marchio
2531 2707 2637 2796 de
2688 2705 2969 2794 Baden
2988 2775 3011 2817 ,
3068 2705 3355 2796 nolens
3416 2705 3573 2796 effe
3626 2713 3715 2798 in

701 2947 756 2992 „
869 2879 1081 2998 Liga
1135 2949 1158 2990 ,
1275 2884 1508 2996 cujus
1617 2878 1869 2968 frater
1975 2877 2047 2966 F
2050 2878 2444 2984 ridericus
2546 2877 2639 2965 &
2730 2873 3270 2963 Hermannus
3365 2897 3711 2991 patruus

701 3119 750 3167 ‚,
863 3053 911 3166 (
943 3051 1418 3171 patruelis)
1472 3054 1560 3138 in
1607 3053 1842 3143 brevi
1890 3047 2068 3140 sunt
2101 3069 2291 3137 ante
2331 3045 2742 3159 defuncti,
2812 3067 2909 3134 ut
2949 3045 3221 3134 scribit
3252 3045 3335 3134 A
3356 3078 3495 3136 LB
3518 3078 3576 3134 E
3603 3079 3711 3138 R·
3774 3109 3779 3123 ,

705 3286 750 3333 η
868 3256 1194 3339 crus„
1312 3226 1500 3342 (p)

1978 3490 2134 3617 §-.
2221 3482 2449 3587 vn„
2557 3436 2568 3449 ’

1027 3668 1682 3846 Hagenbacum
1721 3721 1898 3835 (q)
1955 3717 2046 3809 &
2082 3713 2309 3806 Selsa
2328 3783 2351 3825 ,
2400 3710 2736 3803 Alsatiae
2772 3704 3119 3831 oppida,
3173 3715 3715 3833 oppignerata
3778 3720 4039 3877 {5331
4212 3708 4217 3713 ’

705 3889 1206 3987 Badenfibus
1239 3962 1263 4005 ‚
1341 3890 1734 3983 tumultui
1789 3886 2088 3977 bellico
2150 3886 2258 3976 A.
2325 3917 2368 3977 1
2417 3912 2468 4003 3
2511 3910 2560 4001 5
2594 3911 2671 4004 7.
2729 3886 3246 3975 occafionem
3303 3885 3728 3978 dederunt.
3783 3917 3956 3973 cum.

837 4146 1005 4211 Tam.
1019 4144 1118 4213 Π.
2208 4242 2216 4257 .
2827 4112 2913 4203 G

917 4544 1020 4629 (ο)
1063 4541 1304 4607 Literae
1333 4538 1656 4629 Rudolphi
1682 4542 1915 4607 March.
1929 4543 2194 4609 Domini
2217 4522 2477 4607 Psoi-nh.
2509 4518 2670 4605 dieti
2695 4531 3008 4621 Wecker‚
3040 4537 3119 4599 in'
3133 4532 3177 4599 S
3192 4552 3239 4599 o
3254 4548 3314 4597 u
3326 4552 3387 4598 κ
3402 4552 3449 4597 1
3462 4549 3511 4597 n
3528 4550 3570 4597 n
3585 4550 3633 4597 n
3648 4550 3733 4613 R<

945 4682 957 4695 ’
1001 4704 1010 4713 ·
1075 4711 1082 4721 ·
1134 4680 1280 4747 uix
1319 4678 1550 4765 Script.
1578 4680 1722 4751 Rer‘.
1749 4681 1920 4769 Siles.
1951 4680 2139 4749 Tom.
2151 4680 2272 4746 111.
2299 4700 2359 4765 p.
2377 4696 2480 4761 70.

921 4824 1062 4909 (ρ)
1100 4823 1328 4891 Chron.
1359 4846 1422 4912 p.
1437 4831 1565 4895 160.

924 4966 1050 5051 (q)
1087 4966 1508 5035 Ansam-u.
1565 4966 1661 5033 11.
1679 4988 1724 5031 1.
1743 4985 1791 5031 u
1809 4982 1846 5029 s
1864 4978 1998 5032 τι.
2040 4962 2224 5033 Tom-
2241 4959 2326 5031 Π.
2351 4974 2557 5051 p.179.
2586 4958 2681 5047 sq.¹
