5185 6276
864 788 2450 883 cnmsvr-opnonmna-
2505 782 3301 879 anonus.
3476 806 3643 903 275

1191 946 3999 1037 ’ᾟ--ψψ--ἭΞΟΗΒΕᾞ

913 1210 922 1219 ,
967 1108 1096 1191 16.
1151 1098 1670 1191 Renuncient
1749 1101 1836 1185 in
1911 1100 2297 1190 favorem
2367 1097 2979 1215 masculorum,
3064 1102 3646 1193 duodecimum

628 1298 895 1389 quum
926 1276 1346 1391 attigerint
1377 1299 1710 1363 annum.

931 1532 1100 1623 ·.17
1153 1508 1441 1597 Terrae
1473 1504 1531 1595 fi
1561 1532 2072 1667 augeantur,
2126 1506 2442 1597 summa
2483 1532 2817 1625 quoque
2852 1505 3077 1593 dotis
3109 1522 3536 1620 augeatur.

971 1741 1102 1830 18.
1155 1724 1423 1817 Filii
1400 1757 1484 1814 m
1547 1727 2290 1895 matrimonialibus
2341 1724 2601 1845 pastis
2664 1720 2967 1815 addant
3034 1718 3479 1814 formulam
3542 1644 3647 1811 de

635 1889 1119 1983 exclufione
1165 1895 1684 1985 feminarum.

973 2164 1106 2250 19.
1162 2131 1654 2248 Prohibetur
1684 2132 2076 2241 alienatio
2107 2127 2538 2225 terrarum.

967 2408 1106 2475 20.
1161 2380 1257 2472 Si
1286 2380 1890 2502 oppignerandi
1924 2378 2343 2471 neceffitas
2373 2380 2571 2470 adiit
2600 2446 2623 2485 ‚
2680 2382 2979 2501 pignus
3017 2378 3255 2471 fratri
3282 2383 3375 2475 &
3406 2410 3652 2502 agna-

511 2611 516 2620 .
642 2544 747 2633 tis
778 2549 1012 2665 prius
1043 2548 1460 2639 offeratur.
1575 2548 1919 2641 Exteris
1953 2551 2014 2637 fi
2046 2552 2623 2670 oppigneratio
2650 2548 3031 2642 facienda
3048 2622 3071 2663 ,
3125 2553 3269 2641 fiat
3299 2582 3493 2644 cum
3522 2583 3651 2644 re-

643 2712 1008 2807 luitionis
1031 2722 1256 2835 jun,
1314 2720 1937 2811 Marchionib'us
1965 2720 2465 2809 Badenfibus
2500 2718 2823 2810 cunctis
2853 2717 3196 2809 servato,

879 2968 1107 3057 '.21
1162 2960 1416 3053 Rami
1467 2964 1814 3054 extinffi
1873 2964 2071 3053 filiae
2121 2962 2312 3053 οᾶο
2365 2962 2503 3055 vel
2555 2962 2847 3053 decem
2898 2962 3127 3051 mille
3170 2958 3465 3053 floreni
3504 2962 3654 3055 sol-

642 3156 952 3226 vantur
991 3133 1076 3222 in
1112 3133 1427 3223 dotem·
1405 3169 1430 3238 ς
1484 3132 1656 3244 vel,
1687 3134 1746 3222 fi
1771 3098 2313 3226 monasticam
2353 3137 2621 3226 vitam
2654 3131 2941 3251 eligat,
2970 3130 3259 3222 debito
3295 3135 3373 3223 ei
3402 3134 3657 3224 modo

646 3305 1208 3426 prospiciatur.

979 3577 1114 3643 22.
1168 3541 1592 3666 Philippus
1625 3538 2006 3646 Marchio
2046 3543 2341 3636 ceteris
2371 3541 2764 3633 fratribus
2798 3542 3309 3634 documenta
3325 3544 3463 3635 illa
3490 3571 3658 3640 tra-

645 3711 791 3802 dat
811 3701 850 3828 ,²
891 3739 1081 3830 quae
1128 3736 1384 3802 terras
1438 3741 1734 3804 eorum
1780 3714 2262 3833 respiciunt3
2344 3715 3045 3805 documentorum
3092 3721 3659 3808 communium

650 3886 769 3970 eis
803 3884 1091 3973 dentur
1123 3884 1531 4006 exempla.
1641 4009 1650 4018 ι

979 4159 1114 4247 23.
1172 4129 1596 4220 Officiales
1633 4129 1724 4224 &
1753 4127 2046 4222 subditi
2099 4129 2204 4220 ad
2253 4125 2801 4253 Pragmaticae
2842 4126 3087 4246 hujus
3136 4123 3343 4246 legis
3388 4127 3663 4218 obser-

640 4298 1077 4420 ·vationem
1128 4295 1762 4418 adstringantur.

977 4561 1114 4654 24
1169 4529 1380 4626 Tres
1413 4535 1558 4624 filii
1588 4535 2120 4652 jurejurando
2171 4533 2384 4627 hanc
2435 4535 2707 4659 legem
2757 4531 3254 4646 confirment
3296 4529 3495 4628 'cum
3535 4537 3675 4656 ju-·

535 4749 576 4760 ··
649 4714 873 4800 rium
895 4703 1276 4817 suorum,
1331 4707 1392 4794 fi
1426 4734 1620 4825 quae
1664 4686 2062 4822 habeant,
2117 4709 2776 4800 renunciatione.

778 5061 946 5130 Tum.
962 5055 1062 5130 II.
2349 5015 2444 5116 Μ
2463 5051 2552 5116 m
2610 5053 2667 5124 2
