5185 6276
1087 759 1413 832 canoa.

1469 595 1633 682 162
1918 587 2533 682 HISToR.
2647 581 4038 732 BADENsls'LIEIV.

1455 933 1563 992 ne
1614 844 1895 1020 plures
1946 899 2516 988 interfuerunt.
2633 897 2948 988 Actum
2997 901 3114 988 ibi
3151 899 3256 990 de
3303 899 3626 992 foedere
3665 926 3960 990 contra
3991 905 4508 1002 Fridericum

1460 1067 1931 1165 Palatinum
1952 1135 1977 1178 ,
2035 1072 2270 1186 cujus
2326 1071 2702 1186 potentia
2750 1065 3065 1154 cunctis
3121 1068 3226 1156 ad
3277 1067 3670 1160 Rhenum
3706 1071 4228 1164 formidanda
4260 1075 4514 1168 Prin-

1460 1245 1799 1360 cipibus.
1950 1240 2329 1356 Plerique
2387 1240 2489 1327 de
2542 1242 2906 1354 acceptis
2965 1269 3018 1325 a
3066 1235 3449 1327 Palatino
3489 1243 3814 1355 injuriis
3852 1249 4280 1363 conquesti
4311 1248 4517 1345 sunt.

1456 1407 1832 1500 Confiliis
1881 1437 2087 1502 vero
2137 1413 2226 1496 in
2276 1407 2594 1498 diversa
2649 1411 3148 1498 abeuntibus
3199 1441 3294 1499 re
3339 1411 3642 1502 infecta
3701 1413 4122 1508 discess'um
4153 1423 4286 1510 est.
4335 1423 4514 1538 (d)

1458 1579 1817 1671 Carolus
1866 1603 2147 1668 tamen
2202 1610 2397 1670 cum
2434 1580 2874 1674 Ludovico
2926 1582 3375 1702 Bipontino
3426 1582 3872 1672 decennale
3925 1589 4292 1680 condidit
4339 1592 4502 1680 foe-

1459 1760 1636 1848 dus.
1752 1757 2097 1851 Ulricus
2120 1713 2786 1872 'Wirtembergae
2809 1751 3122 1844 Comes
3183 1755 3271 1840 in
3317 1751 3832 1842 Fridericum
3879 1733 4095 1844 solus
4147 1778 4324 1846 tum
4373 1791 4528 1886 arf,

1363 1991 1371 1994 -
1458 1965 1602 2023 ma
1635 1929 2081 2050 capeffivit.
2196 1925 2368 2014 Hic
2398 1921 3064 2040 Margaretham,
3102 1920 3670 2012 Sabaudicam
3709 1923 4164 2040 principem
4189 1995 4214 2036 ,
4248 1925 4512 2018 Ama..

1080 2613 1319 2682 Turbae

1084 2722 1235 2766 cum
1244 2697 1423 2767 Wit-

1080 2788 1404 2872 temberg.

1459 2105 1593 2194 dei
1624 2104 1685 2194 Ι.
1740 2101 2007 2191 Ducis
2059 2099 2311 2188 filiam
2333 2167 2356 2207 ‚
2452 2093 2870 2186 Ludovici
2917 2090 3270 2180 Palatini
3325 2064 3740 2182 Electoris
3786 2094 4122 2184 viduam
4141 2165 4163 2208 ,
4235 2095 4510 2186 duxe-
4641 2085 4648 2091 ⁸

1456 2297 1587 2362 rat
1626 2299 2028 2370 uxorem3
2126 2270 2355 2382 cujus
2404 2264 2694 2355 dotem
2752 2294 2805 2350 a
2852 2259 3274 2350 Friderico
3317 2263 3574 2353 fratre
3607 2267 3890 2380 injuste
3922 2269 4272 2358 detineri
4307 2302 4504 2360 cau-

1460 2441 1672 2530 satus
1722 2441 1857 2529 est.

1791 2609 2146 2701 Carolus
2180 2605 2567 2696 Badenfis
2607 2606 2708 2695 de
2742 2606 3070 2696 finibus.
3091 2636 3289 2698 cum
3319 2603 3623 2700 Ulrico
3655 2604 3843 2696 lites
3875 2629 4058 2696 tum
4093 2606 4342 2716 alens,
4373 2610 4497 2696 in-

1464 2785 1665 2876 festa
1695 2783 2390 2898 Wirtembergico
2430 2809 2634 2897 agro
2668 2781 2949 2908 intulit
2987 2782 3236 2898 figna.
3385 2777 3610 2866 Mox
3642 2801 3926 2866 tamen
3977 2807 4170 2864 cum
4195 2775 4504 2868 Ulrico

1460 2963 1545 3046 in
1586 2959 1944 3076 gratiam
1974 2954 2256 3060 rediit,
2290 2952 2441 3064 (e)
2500 2972 2800 3037 contra
2834 2978 3376 3038 communem
3409 2972 3503 3035 ut
3538 2945 3614 3035 se
3650 2946 4124 3036 defenderet
4167 2948 4508 3041 hostem.

1460 3125 1818 3219 Socium
1851 3128 2061 3213 inter
2111 3151 2261 3212 eos
2294 3120 2577 3213 foedus
2611 3118 2864 3239 paulo
2917 3123 3107 3243 post
3157 3125 3456 3214 initum
3503 3124 3830 3240 reperio
3848 3191 3870 3234 ,
3927 3125 4097 3241 (f)
4167 3131 4500 3243 utrique

1298 3420 1305 3429 .
1454 3301 1883 3391 funestum.

1786 3468 2367 3586 Flagrantibus
2423 3462 3220 3581 Wirtembergicum
3267 3468 3480 3552 inter
3533 3463 3626 3554 &
3679 3461 4150 3564 Palatinum
4197 3463 4494 3551 discor-

1458 3646 1655 3751 diis,
1712 3640 2067 3731 Carolus
2104 3602 2604 3729 Ganerbiale
2644 3636 3030 3727 Castrum
3069 3635 3708 3754 Schauenburg‚
3781 3664 4050 3754 prope
4089 3632 4496 3722 Oberkir-

1458 3808 1821 3896 chamin
1857 3806 2336 3897 Ortenavia
2378 3807 2666 3918 litum,
2725 3806 2954 3924 quod
2989 3802 3340 3895 Nobiles
3360 3806 4072 3927 Schauenburgici
4110 3812 4212 3898 ab
4234 3806 4504 3899 Eber-

1454 3982 1741 4070 steinio
1795 3948 2131 4069 Comite
2184 3979 2463 4097 aliqua
2512 4009 2628 4067 ex
2674 4002 2913 4099 parte
2961 3982 3356 4067 tenebant
3410 3983 3498 4066 in
3559 3980 3952 4097 feudum,
4027 3942 4500 4099 occupavit.

1456 4150 1883 4240 Palatinus
1902 4219 1925 4262 ‚
1980 4148 2514 4240 PraefeRurae
2554 4146 3106 4239 Ortenavicae
3141 4150 3512 4239 dimidiae
3548 4148 3932 4269 poss'ess'or
3953 4220 3977 4261 ,
4037 4156 4492 4273 composito

1658 4477 1685 4543 (
1700 4467 1787 4547 d)
1830 4468 1883 4533 L
1896 4490 1943 4533 ιι
1958 4490 2011 4533 11
2026 4490 2083 4533 Μ
2100 4488 2151 4532 A
2168 4488 2219 4530 Ν
2234 4464 2755 4552 1⁴1.‘Chron..Spir.
2786 4470 2924 4555 Lib.
2937 4468 2999 4538 V
3013 4468 3045 4534 Ι
3061 4468 3110 4534 Ι.
3145 4488 3279 4554 cap.
3303 4487 3428 4537 ιω.
3459 4490 3604 4555 pag.
3621 4481 3751 4545 850.

1654 4604 1775 4687 (e)
1816 4602 2387 4669 HACHENBER
2408 4624 2475 4670 G.
2506 4608 2570 4669 in
2591 4608 2726 4671 vita
2755 4602 3004 4695 FridJ.
3035 4604 3292 4671 Lib.11.
3321 4624 3464 4691 pag.
3485 4622 3584 4691 59.

1658 4738 1779 4831 (f)
1820 4740 1918 4805 Dc
1945 4739 2202 4806 foedere
2232 4738 2532 4839 Carolum
2560 4744 2738 4809 inter
2768 4754 2965 4831 atque
2994 4745 3286 4813 Uiricum
3315 4744 3398 4810 A.
3429 4750 3600 4817 1460.
3647 4744 3754 4809 die
3779 4741 4005 4808 Martis
4034 4741 4174 4831 post
4197 4740 4494 4811 Matthaei

1872 4876 2039 4939 inito
2058 4922 2077 4958 ‚
2122 4878 2263 4959 egit
2287 4877 2415 4963 DA
2434 4900 2480 4945 ‘r
2498 4900 2544 4945 ‘r
2574 4876 2648 4943 de
2671 4898 2815 4965 pace
2833 4878 3002 4963 publ.
3029 4878 3168 4949 Lib.
3201 4880 3253 4948 Ι.
3285 4898 3421 4965 cap.
3437 4895 3531 4959 27.
3563 4900 3742 4950 num.
3759 4897 3926 4991 109.-
