5185 6276
1120 875 1446 944 clauom.

1126 2208 1374 2274 Foedus
1511 2239 1518 2248 ·

1130 2317 1280 2378 cum
1311 2296 1422 2359 Pa·-

1125 2382 1332 2445 latino
1359 2431 1379 2463 ,

1132 2467 1408 2552 aliaque.

1507 701 1670 792 160
1903 699 2561 788 ·H1s‘ron.
2676 695 3456 857 Banznsfs
3577 681 4089 790 L1B.‘1V.·

1498 1011 1602 1097 de
1647 1009 2151 1127 Leiningen‚
2210 1008 2707 1098 Guilielmus
2762 1007 2862 1096 de
2915 1007 3446 1125 Virnenburg
3470 1077 3493 1120 ‚
3532 1002 3977 1136 'Philippus
4028 1008 4132 1098 de
4178 1007 4537 1131 Hanaug

1501 1178 1924 1297 Philippus
1991 1180 2096 1267 de
2164 1157 2528 1268 Rieneck
2563 1245 2586 1286 ,
2696 1174 2957 1264 senior
3025 1176 3453 1289 Johannes
3517 1173 3682 1270 IV.
3749 1177 4365 1297 Rheingravius
4429 1185 4543 1273 de

1509 1355 1862 1460 Dhaun3
1918 1353 2446 1442 Bernhardus
2487 1353 2589 1442 de
2622 1350 3071 1442 Eberstein.
3112 1395 3117 1402 ·
3992 1453 3999 1458 ‚

1837 1519 1962 1608 Hi
1999 1522 2130 1610 die
2173 1551 2222 1636 3
2244 1553 2323 1615 0.
2358 1522 2707 1638 Ostobr⁸⁴
2741 1523 2851 1611 A.
2894 1555 2933 1610 1
2962 1549 3019 1640 4
3047 1547 3095 1636 5
3119 1545 3191 1636 5.
3228 1525 3435 1612 novi
3466 1517 3876 1610 Elthoris
3910 1517 4307 1640 postulata
4332 1521 4539 1640 pro·
4632 1577 4649 1613 x

1509 1699 1829 1784 barunt.
1947 1691 2304 1782 Carolus
2339 1694 2724 1784 satisfecit
2756 1693 3179 1786 sentent-iae
3212 1685 3303 1787 δι’
3338 1692 3645 1783 solenni
3682 1695 4155 1788 ceremonia
4202 1693 4540 1832 vasallaj

1510 1871 1740 1985 gium
1777 1861 2175 1986 praestitit.
3378 1977 3389 1998 .

2776 2033 2852 2156 §.
2984 2031 3267 2129 VIII.

1842 2151 2467 2302 solennitatem
2503 2207 2950 2296 decennale
2983 2208 3265 2297 foedus
3284 2207 3664 2326 excepit,
3736 2201 4117 2296 Um'onem
4136 2205 4276 2322 (y)
4312 2199 4541 2322 quod,

1510 2354 1864 2474 vocant.'
2047 2379 2146 2466 In
2196 2378 2516 2466 foedere
2565 2375 2726 2464 hoc
2781 2375 3138 2466 Carolus
3185 2377 3277 2466 &
3328 2376 3865 2466 Bernhardus
3932 2377 4257 2488 fratreS,
4306 2373 4545 2465 Mar«

1519 2555 1855 2643 chiones
1875 2621 1900 2663 ‚
1959 2581 2151 2640 cum
2180 2549 2255 2638 F
2255 2550 2611 2638 riderico
2648 2547 2711 2638 I.
2748 2543 3134 2679 Elestore
3181 2568 3788 2654 convenerunt,
3840 2566 3933 2631 ut
3976 2573 4126 2662 per
4170 2563 4543 2633 conven-

1512 2717 1864 2808 tionales
1884 2785 1907 2826 ,
1961 2747 2176 2834 quos
2209 2738 2560 2829 vocant,
2617 2716 3063 2836 Austregas
3086 2786 3111 2826 ‚
3168 2721 3519 2807 oriturae
3570 2721 3787 2808 inter
3838 2712 4295 2808 foederatos
4342 2719 4533 2808 lites

1433 2976 1438 2981 .
1511 2917 2230 3014 componerentur.
2348 2889 2445 2982 Si
2475 2889 2903 2979 Palatinus
2934 2890 3056 2986 est
3092 2888 3326 2978 actor
3359 2955 3382 2997 ,
3426 2919 3542 2978 ex
3594 2885 4096 3012 Consiliariis
4145 2885 4545 2977 Palatinis
4673 2907 4679 2914 “

1513 3073 1807 3160 arbitri
1840 3054 2048 3183 dud,
2109 3095 2226 3205 ex
2258 3064 2763 3155 Badenfibus
2801 3065 2970 3154 duo
3004 3063 3465 3173 sumantur,
3516 3062 3810 3178 hisque
3852 3063 4326 3156 communis
4344 3127 4367 3170 ,
4423 3089 4539 3149 ex

1510 3239 2012 3330 Badenfibus
2062 3235 2572 3327 Confiliariis
2630 3237 2977 3325 addatur
3024 3238 3359 3326 arbiter.
3530 3229 4053 3358 Austregales
4101 3231 4187 3319 hi
4221 3231 4541 3347 judices

1515 3410 2018 3499 conveniant
2081 3404 2572 3495 Bruchsalae.
2748 3408 3067 3523 Quodfi
3118 3404 3606 3524 compofitio
3658 3430 3831 3491 non
3892 3404 4193 3527 habeat
4220 3404 4545 3513 iocum,

1513 3581 1786 3691 major
1835 3575 2413 3692 suffragiorum
2459 3608 2859 3669 numerus
2913 3581 3250 3670 decidat.
3459 3580 3826 3667 Arbitris
3878 3579 4069 3692 (z)
4118 3599 4401 3665 autem
4452 3579 4545 3665 in

1518 3746 1724 3833 duas
1776 3745 2371 3856 discedentibus
2419 3745 2693 3865 partes
2729 3820 2751 3861 ‚
2826 3754 3135 3839 arbiter
3170 3756 3637 3838 communis
3673 3755 3843 3862 (a)
3878 3757 4016 3839 cui
4053 3758 4273 3871 parti
4309 3785 4547 3843 acce-

1521 3916 1700 4022 dat,
1755 3914 1896 4003 illa
1931 3915 2024 4002 fit
2061 3916 2394 4006 victrix.
2529 3916 2955 4009 Sententia
2988 3896 3525 4037 pronuntiata
3562 3924 3783 4010 intra
3819 3942 3989 4011 tres
4022 3922 4341 4015 menses
4380 3925 4542 4014 sor-

1517 4079 1768 4173 tiatur
1803 4080 2222 4171 effeci-um:
2328 4079 2506 4172 Res
2543 4086 2663 4171 ita
2693 4084 3145 4173 tracientur
3171 4154 3193 4197 ,
3254 4084 3309 4170 fi
3351 4083 3775 4174 Palatinus
3810 4068 4111 4177 contra·
4138 4088 4553 4208 Badenses

1520 4258 1614 4345 fit
1662 4255 1916 4343 afior.
2036 4236 2296 4365 Quod
2325 4253 2382 4343 fi
2419 4252 2921 4345 Badenfibus
2960 4266 3257 4345 contra
3288 4256 3759 4347 Palatinum
3796 4260 3891 4350 fit
3928 4263 4147 4352 actio
4170 4328 4192 4371 ,
4250 4262 4539 4350 eadem

4212 4430 4543 4521 Aust-re-

1728 4721 1856 4803 (y)
1898 4664 2185 4805 Einung:

1728 4864 1860 4941 (z)
1901 4860 2024 4923 Die
2053 4860 2348 4925 Zusa'tza

1735 4998 1866 5077 (a)
1909 4998 2044 5061 Der
2069 4996 2404 5093 Gemeine.
