5185 6276
1056 699 2310 810 BERmHARmANA
2431 703 3229 795 PERIODUS.
3498 731 3653 824 137

645 977 1022 1094 exercitu
1059 1037 1256 1094 cum
1289 1007 1712 1126 Delphino
1747 1012 2024 1100 asturi.
2214 1011 2473 1102 Hunc
2509 1015 2721 1098 inter
2756 1014 2846 1104 ἃ
2876 1013 3295 1133 Principes
3349 1019 3438 1102 in
3487 1047 3663 1104 ma-

645 1201 814 1288 gna
845 1175 986 1262 illa
1019 1173 1412 1293 planicie,
1469 1207 1658 1296 quae
1693 1143 2109 1268 Brisacum
2143 1180 2233 1271 &
2273 1179 2879 1309 Enfishemium
2914 1166 3379 1298 interjacet,
3456 1187 3673 1274 insti-

649 1367 877 1474 tutus
913 1347 1025 1434 est
1056 1349 1360 1454 serm03
1420 1381 1589 1469 quo
1625 1356 1744 1439 rei
1783 1351 2324 1469 tranfigendae
2357 1333 2798 1442 Roshemii
2828 1352 2913 1438 in
2950 1349 3339 1439 inferiore
3374 1351 3689 1442 Alsatia·

651 1515 1036 1605 definitus
1067 1519 1181 1605 est
1219 1519 1414 1608 dies.
1775 1482 1780 1486 Δ

987 1687 1480 1778 Ludovicus
1516 1686 1944 1776 Palatinus
1982 1690 2326 1794 timens,
2381 1718 2489 1774 ne
2517 1690 2747 1805 pacis
2779 1717 3017 1775 mora
3053 1682 3277 1775 Galli
3317 1684 3683 1772 ludifica-

640 1878 840 1944 rent
870 1851 1377 1966 GermanOS‚
1462 1860 1694 1948 initio
1733 1853 1956 1949 Nov.
1990 1846 2405 1977 principes
2441 1857 2774 1975 Spiram
2824 1881 3260 1962 evocatos,
3334 1854 3435 1941 de
3486 1879 3687 1940 exe-

655 2027 988 2145 quendo
1031 2025 1612 2115 Ratisbonenfi
1665 2027 2003 2114 decreto
2055 2011 2637 2144 interpellavit.
2801 2023 2973 2114 Sed
3021 2023 3459 2142 praevaluit
3508 2021 3689 2109 Au-

657 2197 874 2300 striae
908 2199 996 2288 &
1031 2195 1594 2311 Brandeburgi
1625 2193 2164 2280 Albertorum
2186 2260 2208 2302 ‚
2263 2193 2557 2306 Jacobi
2589 2195 2879 2307 nostri,
2962 2165 3690 2312 aliorumque-sen-

657 2369 912 2451 tentia
948 2429 972 2470 ‚
1047 2366 1189 2480 qui
1254 2361 1864 2453 Rosheimenfis
1917 2384 2374 2452 conventus
2428 2361 3036 2480 expe&andum
3085 2359 3242 2448 ess'e
3296 2384 3689 2451 eventum

659 2533 1087 2639 dicebant,
1145 2562 1417 2650 neque
1447 2534 1714 2648 prius,
1772 2557 2029 2649 quam
2064 2535 2362 2620 amicae
2394 2532 3015 2649 compofitionis
3052 2535 3193 2621 via
3221 2531 3471 2619 fuerit
3505 2554 3685 2618 ten-

659 2725 832 2792 tam
851 2770 873 2812 ‚
933 2697 1478 2790 festinandum
1512 2702 1618 2788 ad
1647 2730 1898 2788 arma.
2068 2699 2323 2788 Paulo
2363 2682 2542 2819 post
2573 2699 3002 2817 Principes
3034 2699 3683 2816 Argentoratum

661 2895 1112 2982 venerunt,
1170 2870 1271 2957 de
1307 2869 1622 2958 summa
1655 2869 1776 2954 rei
1811 2896 2007 2952 cum
2039 2865 2462 2985 Delphino
2500 2867 2950 2956 tractaturi.
3066 2867 3233 2956 Hic
3264 2897 3473 2999 vero
3494 2933 3517 2972 ,
3554 2897 3684 2952 re-

661 3038 856 3130 licta
903 3042 1154 3161 paulo
1205 3065 1392 3128 ante
1439 3037 1744 3127 Alsatia
1778 3103 1800 3145 ‚
1885 3036 1991 3149 ad
2042 3033 2448 3123 Beliardae
2497 3019 2874 3124 montem
2921 3035 3173 3155 usque
3227 3031 3685 3157 progressus

573 3241 584 3252 ·
665 3244 864 3315 erat.
975 3218 1230 3315 Unde
1281 3250 1376 3307 re
1427 3214 1730 3305 infecia
1765 3213 2187 3331 Principes
2223 3212 2798 3329 Argentorato
2846 3208 3377 3299 discess'erunt.
3550 3207 3687 3297 Ab

661 3398 832 3483 hoc
875 3414 1258 3513 tempore
1307 3391 1572 3478 turbis
1620 3382 2000 3473 Alsaticis
2053 3380 2132 3467 se
2163 3377 2352 3467 *non
2402 3378 2765 3499 amplius
2804 3379 3242 3469 immiscuit
3292 3373 3697 3493 Jacobus3

661 3596 938 3685 neque
988 3564 1414 3682 expeditio
1461 3583 1758 3647 contra
1806 3554 2318 3673 Delphinum
2364 3550 2747 3668 suscepta.
2975 3546 3151 3636 Hic
3200 3549 3560 3665 denique
3608 3549 3695 3641 in

3696 879 3742 956 J
3744 901 4037 950 Aconum.

665 3732 1115 3822 Conventu
1145 3729 1604 3819 Trevirenfi
1638 3728 1739 3815 A.
1785 3760 1824 3815 1
1850 3754 1984 3845 44
2008 3750 2079 3839 5.
2116 3726 2402 3843 copias
2439 3721 2517 3811 se
2551 3723 3108 3815 abducturum
3141 3724 3544 3844 promisit,
3591 3752 3721 3851 ea,

664 3898 1149 3989 conditione
1172 3968 1196 4013 ,
1253 3930 1358 3989 ne
1391 3899 1588 4018 quid
1622 3898 1897 3985 damni
1931 3898 2269 3983 nomine
2301 3899 2408 3987 ab
2453 3893 2625 4014 ipso
2660 3900 3159 4015 exigeretur.
3197 3899 3367 4012 (s)

1957 4182 2035 4302 §-
2137 4138 2401 4273 'vu

1007 4304 1164 4451 Α.
1226 4386 1264 4441 1
1290 4359 1516 4470 446.
1567 4358 1654 4442 in
1716 4353 2575 4445 Francofordienssbus
2651 4346 3037 4441 Comitiis
3103 4350 3471 4463 Jacobus
3538 4382 3708 4440 una
3751 4374 3915 4445 Aeta
3952 4378 4033 4442 ab

805 4560 1082 4668 Tom.IJ.
2447 4522 2514 4613 S

1031 4673 1044 4707 ι

887 4847 1015 4934 (s)
1057 4848 1149 4937 Sc
1165 4869 1216 4911 H
1233 4864 1258 4909 1
1277 4869 1317 4909 L
1337 4868 1382 4909 ‘r
1402 4866 1446 4908 Ε
1467 4866 1535 4908 n.
1575 4846 1656 4908 ad
1683 4844 2025 4927 Koenigsh.
2073 4864 2218 4928 pag.
2235 4850 2362 4915 936.
2381 4844 2466 4933 sq.
2507 4844 2578 4912 &
2616 4803 2764 4931 pag-g.
2797 4846 2971 4909 1006.
3002 4842 3131 4927 sqq.
3202 4840 3273 4907 ἀ
3312 4838 3439 4909 ΗΕ
3456 4860 3503 4907 R
3520 4864 3563 4909 z
3582 4864 3623 4907 o
3640 4863 3689 4910 G

1105 4986 1322 5054 Chron.
1356 4984 1551 5072 Affat.
1589 4986 1729 5053 Lib.
1746 4986 1830 5052 11.
1863 5004 2010 5070 pag.
2027 5000 2141 5068 117.
2157 4984 2288 5071 sqq.

3752 4468 3835 4533 A.
3864 4470 4037 4539 1446·
