5185 6276
881 782 2398 896 ΟΗῃᾶετοΡΗοκιΑΝΑ
2519 791 3321 882 Panlonus
3484 812 3646 903 gn

1351 972 3657 1037 ——-——---—--..................-——-----—-—-—
3706 955 4045 1037 smm-

979 1110 1080 1198 ln
1147 1110 1496 1201 eandem
1561 1109 2044 1199 sententiam
2111 1108 2239 1199 IR
2263 1138 2320 1195 E
2345 1138 2412 1197 N
2442 1139 2479 1196 1
2506 1136 2560 1197 c
2586 1133 2653 1197 υ
2680 1135 2771 1196 s:
2826 1110 3001 1217 (u)
3117 1170 3169 1217 ‚,
3220 1099 3461 1209 Alio,
3532 1098 3659 1189 in·-

631 1337 706 1408 5,
822 1296 1041 1411 quit,
1109 1325 1248 1385 me
1299 1296 1553 1388 vooat
1596 1295 1958 1411 Jacobus
2005 1276 2382 1383 Marchio
2431 1292 2825 1384 Badenfis
2843 1362 2868 1404 ‚
2925 1286 3113 1409 quo'
3134 1268 3337 1380 nihil
3388 1292 3664 1381 erudi·-

644 1548 694 1599 ,‚
809 1487 975 1575 tius
995 1552 1020 1595 ,
1089 1486 1510 1579 sublimius
1528 1555 1550 1597 ,
1621 1494 2137 1581 innocentius
2157 1554 2178 1597 ,
2232 1488 2745 1607 praestantius
2767 1556 2791 1599 ,
2848 1480 3305 1573 Germania
3350 1482 3663 1601 produ-

643 1679 734 1780 „‘
804 1678 976 1767 xit:
1033 1680 1420 1768 omnibus
1454 1681 1774 1769 virtutis
1817 1682 2186 1767 numeris
2219 1675 2629 1795 perfeElus
2644 1744 2671 1790 ‚
2750 1678 2841 1765 in
2890 1664 3259 1789 ejusdem
3306 1636 3659 1785 (Trevi-

642 1825 696 1979 ἦ
811 1868 1125 1986 renfis)
1174 1868 1564 1961 Ecclefiae
1595 1870 2326 1991 Archiepiscopum
2366 1870 2663 1959 abivit:
2764 1842 3110 1954 robusto
3143 1896 3243 1957 ac
3274 1862 3501 1955 virili
3534 1866 3659 1951 in-

644 2130 698 2177 ‚‚
811 2065 1054 2183 genio
1099 2065 1529 2157 instruetus
1549 2134 1574 2181 ,
1628 2066 1792 2155 five
1830 2061 2123 2171 subita,
2180 2060 2348 2151 five
2378 2058 2768 2147 meditata
2802 2046 3216 2175 proferret
3241 2126 3266 2168 ,
3320 2077 3653 2151 extem·

639 2313 690 2360 ‚,
799 2250 1068 2372 porali
1095 2252 1502 2393 ‘facultate
1527 2202 1922 2375 preedvitus
1957 2252 2141 2366 fuit,
2169 2256 2268 2367 ‘ut
2301 2272 2618 2375 tantum
2657 2246 3055 2338 dostrinae
3087 2248 3279 2337 huic
3311 2248 3651 2339 Beroal-

643 2507 697 2558 „
809 2444 963 2535 dus
1012 2445 1286 2535 noster
1331 2418 1840 2565 praestiterit,
1895 2428 2306 2565 duantum
2357 2388 2514 2533 nec
2563 2445 2801 2533 alteri
2819 2515 2844 2560 ‚
2920 2467 3014 2533 ut
3043 2446 3295 2534 etiam
3324 2445 3652 2565 elegan-

627 2590 692 2740 .„
777 2619 1188 2765 ,tiffimum
1219 2634 1324 2723 de
1354 2629 2028 2749 Philosophorum
2063 2606 2443 2745 symbolo
2473 2602 2777 2721 librum
2814 2634 3110 2722 honori
3162 2638 3337 2752 ejus
3384 2634 3649 2727 divul-
3774 2750 3781 2757 .

639 2882 691 2933 ‚,
778 2826 1152 2941 *gaverie
1264 2822 1520 2913 Hunc
1551 2847 1746 2912 ante
1781 2822 2004 2913 diem
2039 2828 2340 2921 acerba
2367 2856 2601 2919 mors
2634 2802 3057 2920 damnavit
3076 2895 3099 2938 ,
3156 2858 3406 2947 quem
3432 2830 3651 2950 post-

635 3080 686 3127 „
798 3048 1053 3137 quam
1101 3044 1452 3107 numero
1502 3018 1965 3109 viventium
2009 3014 2446 3126 subtraxit,
2503 3016 2984 3109 coelestibus
3034 3022 3385 3138 adjecit:
3461 3020 3650 3114 Nec

635 3275 688 3326 ‚‚
797 3211 1259 3330 quicqum
1303 3207 1518 3294 inter
1565 3203 1916 3338 yulnera
1962 3207 2218 3296 totius
2271 3201 2897 3300 marchionatus
2966 3213 3365 3328 ingratius
3429 3211 3649 3301 illius

633 3461 690 3516 ,‚
803 3399 988 3490 casu
1019 3397 1506 3486 intercidere
1535 3393 1938 3514 potuiss'et.
2049 3393 2288 3484 Dum
2316 3403 2540 3487 enim
2576 3397 2847 3487 adhuc
2898 3341 3110 3487 inter
3153 3401 3397 3491 vivos
3447 3431 3649 3492 con·
3782 3479 3789 3486 .

633 3655 688 3707 ,‚
797 3591 1028 3700 stitit,
1083 3587 1311 3680 omni
1347 3595 1656 3682 virtute
1686 3588 2062 3700 funGtuS,
2121 3614 2398 3720 tantos
2431 3595 2735 3710 ingenii
2768 3591 3085 3685 studius
3110 3661 3133 3704 ,
3188 3617 3509 3686 tantam
3532 3599 3648 3696 ,de

632 3839 686 3889 „
793 3773 876 3866 se
927 3774 1153 3896 spem
1203 3774 1424 3864 dedit
1457 3844 1482 3888 ‚
1572 3803 1742 3892 qua
1791 3771 2144 3864 feliciter
2190 3729 2402 3894 pene
2453 3797 2639 3866 tota
2689 3784 2955 3895 patria
3002 3781 3275 3872 nostra
3328 3787 3645 3877 niteba-

625 4041 680 4086 „
807 3995 966 4062 tur.
1076 3967 1174 4059 X
1189 3965 1282 4058 X
1297 3965 1412 4058 X.
1448 3963 1837 4085 ingress'us
1877 3997 2185 4060 annum
2217 3974 2310 4060 in
2346 3967 2553 4059 flore
2589 3973 2859 4062 aetatis
2905 3973 3011 4061 ab
3062 3973 3383 4066 invidia
3426 3975 3637 4103 futo-

487 4242 492 4251 .
629 4231 680 4278 „
789 4195 976 4256 rum
1025 4166 1525 4284 interceptus
1573 4162 1708 4254 est.
1761 4229 1812 4274 ‚,

747 4519 914 4586 rom.
931 4517 1026 4587 H.
2287 4487 2413 4580 Ss

819 5081 860 5167 (
872 5090 954 5160 u)
989 5079 1067 5151 In
1095 5081 1342 5170 Exegqss
1365 5081 1714 5150 Germanice
1740 5103 1884 5170 pag.
1898 5093 2012 5159 158.
