5185 6276
1517 791 1626 878 88
1969 771 2567 860 Hls'ron.
2682 763 3444 856 BADENsls
3566 759 4067 854 L1n.1V.

1137 935 1470 1013 BnmI.

1845 1075 2028 1168 Vix
2059 1075 2498 1164 transafflo
2535 1077 2718 1162 haec
2751 1075 3018 1163 fuerat
3052 1077 3257 1162 inita
3278 1141 3300 1183 ‚
3358 1103 3621 1190 quum
3658 1101 3911 1160 novae
3944 1069 4357 1160 Caesarem
4406 1073 4528 1156 in-

1400 1325 1421 1337 .
1517 1271 1649 1338 ter
1697 1249 1790 1338 &
1831 1244 2409 1332 Marchionem
2457 1241 2641 1330 lites
2696 1249 3115 1334 orirentur
3150 1311 3171 1352 ,
3246 1243 3483 1361 super
3518 1270 3728 1358 quas
3779 1236 3890 1327 D.
3938 1235 4284 1324 Martini
4326 1235 4531 1322 festo

1519 1413 2184 1536 compromissum
2231 1421 2319 1502 in
2373 1417 2731 1503 arbitros
2766 1481 2790 1524 ‚
2880 1419 3184 1532 quibus
3238 1413 3674 1502 Castrenfis
3730 1438 4059 1528 quoque
4108 1405 4535 1494 Gemariae

1516 1585 1792 1692 Pacis,
1839 1547 2052 1671 inter
2099 1581 2678 1676 Marchionem
2712 1588 2803 1677 &
2836 1582 3621 1705 Rapoltsteinensem
3666 1581 4125 1696 Dynastam
4177 1576 4529 1666 traAEian-

1517 1753 1688 1859 dae,
1745 1751 2012 1840 delata
2046 1753 2160 1840 est
2195 1783 2413 1858 cura.
2585 1753 3057 1845 Reinhardo
3096 1753 3667 1872 Sickingenfi,·
3712 1749 4157 1838 Advocato
4194 1749 4531 1866 provin-

1517 1919 1704 2006 ciali
1750 1915 2086 2005 Alsatiae
2108 1985 2130 2026 ‚
2190 1917 2611 2007 commifl'a
2679 1919 3103 2010 Gemariae
3158 1922 3487 2025 divifio;
3546 1941 3629 2006 at
3674 1916 4043 2004 reluendi
4069 1919 4205 2030 jus
4240 1911 4533 2026 Dyna-

1513 2089 1663 2176 stae
1695 2085 2833 2206 Rapoltsteinenfi’servatum.
2869 2092 3049 2210 (p)
3280 2091 3410 2180 Ita
3458 2096 3670 2178 inter
3721 2086 4137 2178 Caesarem
4186 2087 4276 2176 &
4308 2083 4534 2172 Mar-

1517 2261 1900 2352 chionem
1935 2261 2302 2348 restituta
2337 2260 2789 2348 concordia
2807 2329 2832 2371 ‚
2888 2261 3117 2348 brevi
3152 2259 3570 2346 duratura.

1131 2451 1402 2526 Privssess
1441 2539 1446 2544 1
1843 2429 2132 2547 Caesar,
2149 2432 2252 2518 A.
2300 2463 2342 2519 1
2368 2456 2595 2548 404.
2625 2428 3156 2548 privilegium
3192 2427 3355 2516 fori
3386 2423 3708 2516 vasallis
3758 2425 3846 2514 &
3896 2419 4226 2510 subditis
4274 2415 4527 2548 Bern-

1011 2701 1032 2722 ὑ
1133 2547 1318 2697 {itum
1341 2541 1446 2606 fo·
1515 2605 1752 2694 hardi
1781 2601 2288 2692 Marchionis
2328 2601 2717 2691 conceffit
2742 2671 2766 2714 ,
2842 2631 2949 2688 ne
2981 2600 3088 2687 ad
3122 2599 3329 2704 alia,
3386 2623 3641 2713 quam
3686 2594 3858 2708 ejus
3880 2589 4225 2705 judicia,
4284 2617 4532 2676 exce-

1515 2794 1664 2889 pto
1699 2771 2124 2888 denegatae
2149 2771 2484 2886 justitiae
2527 2770 2711 2858 casu
2729 2836 2751 2877 ‚
2808 2768 3352 2856 traherentur.
3406 2768 3594 2881 (q)

1843 2930 2171 3029 Eodem
2221 2973 2440 3032 anno
2491 2942 3073 3032 Bernhardum
3128 2942 3349 3026 inter
3400 2940 3491 3029 &
3542 2937 4073 3026 Goldelinum
4122 2940 4533 3055 quendam

1517 3129 1848 3199 exortae
1895 3106 2080 3198 funt
2125 3108 2306 3198 lites
2344 3182 2368 3223 ,
2461 3115 2763 3229 quibus
2818 3111 3419 3229 componendis
3484 3107 3949 3229 Imperator
4018 3109 4091 3199 F
4090 3111 4534 3203 tidericum

1515 3280 2076 3371 Schenckium
2112 3350 2135 3393 ‚
2223 3280 2917 3407 Limburgensem
2977 3278 3445 3396 Dynastam
3470 3348 3493 3393 ,
3589 3284 4013 3370 arbitrum.
4054 3286 4533 3372 nominavit.

1357 3480 1362 3499 ·
1513 3444 2052 3541 Bemhardus.
2075 3409 2417 3594 nter*
2427 3449 2944 3541 aooldenno
2978 3452 3868 3569 produaas‚fa1fitatis
3902 3461 4188 3573 arguit.
4304 3458 4529 3547 Lim-

1517 3622 1933 3735 burgenfis
1950 3686 1972 3729 ,
2030 3624 2154 3707 rei
2206 3621 2777 3711 difficultatem
2830 3622 3177 3709 sentiens
3196 3692 3221 3731 ‚
3278 3652 3463 3711 eam
3510 3626 3613 3713 ad
3663 3624 4195 3741 Imperatoris
4249 3625 4531 3739 cogni-

1519 3791 1841 3875 tionem
1889 3788 2252 3893 remifit3
2325 3793 2464 3906 qui
2514 3788 2910 3879 sententia
2964 3790 3125 3880 hoc
3186 3823 3405 3881 anno
3464 3796 3593 3885 die
3644 3792 3942 3885 Martis
3991 3794 4169 3912 post
4232 3793 4535 3885 festum

1519 3947 2034 4040 Pentecostes
2101 3952 2288 4041 data
2304 4023 2326 4065 ,
2401 3952 2677 4041 literas
2743 3954 2925 4043 illas
2980 3954 3368 4073 suspeEtas
3402 4030 3424 4073 ,
3512 3956 3898 4049 adversus
3958 3956 4535 4047 Marchionem

1521 4146 1950 4237 nunquam
1999 4117 2464 4237 allegandas
2484 4191 2509 4233 ‚
2567 4123 2870 4237 rejecit.
2938 4126 3110 4238 (r)

2870 4484 2893 4555 x
3896 4456 3905 4480 ,
4000 4350 4085 4471 5·
4182 4346 4573 4503 Xxn.⁴

1721 4760 1842 4835 (p)
1883 4752 2261 4820 Transaffio
2291 4758 2354 4819 in
2384 4756 2738 4823 Elefikorali
2764 4758 3111 4825 Tabulario
3143 4760 3429 4829 Palatino
3459 4773 3655 4829 extat.

1720 4885 1857 4971 (q)
1895 4886 2128 4955 Charta
2159 4894 2301 4957 haec
2324 4893 2402 4956 in
2435 4898 2672 4961 eodem
2704 4896 3049 4963 Tabulario
3086 4901 3391 4971 servatur.

1723 5022 1859 5105 (r)
1901 5022 2036 5093 Wn:
2053 5050 2102 5094 n
2121 5050 2158 5093 c
2177 5050 2228 5093 x
2249 5050 2294 5092 Ε
2317 5048 2389 5095 ιι.
2430 5027 2651 5101 Collea'.
2690 5032 2949 5101 Archivi
2974 5056 3120 5123 pag.
3138 5056 3256 5119 157.
