5185 6276
1186 901 1420 954 Esse.

1173 3570 1315 3643 χοι-ζ

1487 725 1598 790 22
1939 693 2535 785 Hls‘ron.
2621 685 3419 780 BAnnnsrs
3537 685 4049 784 L1n.1V.

1489 1028 1605 1098 tae
1637 1005 1971 1094 fuerunt
2001 1025 2498 1120 agnatorum
2532 1025 2727 1088 tunc
2758 1007 3163 1118 temporis
3199 1000 3707 1120 superstitum
3742 999 4010 1117 figillis
4026 1067 4050 1108 ,
4122 1003 4497 1092 Heinrici

1494 1175 1600 1264 de
1634 1171 2068 1264 Eberstein
2115 1170 2506 1260 avunculi
2557 1174 2770 1286 ejus,
2825 1168 3253 1290 Rudolphi
3296 1169 3802 1260 Marchionis
3834 1165 4169 1302 senioqis
4201 1171 4306 1260 de
4336 1171 4501 1262 Ba-·

1495 1343 1658 1430 den
1711 1347 1976 1458 patrui
2027 1344 2200 1455 ejus
2232 1407 2254 1448 ‚
2344 1339 2767 1458 Rudolphi
2816 1336 3327 1428 Marchionis
3374 1339 3653 1428 fratris
3710 1341 3883 1453 ejus
3938 1338 4031 1429 &
4079 1336 4503 1456 Rudolphi

1493 1505 1880 1597 Hess'onis
1929 1509 2428 1598 Marchionis
2481 1511 2582 1600 de
2634 1509 2941 1600 Baden.
3052 1506 3309 1598 Nulla
3356 1512 3567 1597 inter
3626 1509 3781 1598 hos
3830 1505 4215 1598 Hess'onis
4270 1535 4507 1594 men-

1497 1685 1657 1790 tio,
1712 1683 1944 1794 cujus
1978 1703 2256 1768 tamen
2289 1679 2711 1769 consensus
2739 1710 2911 1768 non
2940 1677 3211 1770 fuiffet
3239 1675 3659 1797 aeglea-us
3678 1745 3702 1790 ‚
3774 1677 3925 1766 nifi
3960 1707 4063 1765 eo
4089 1675 4263 1790 jam
4292 1693 4503 1790 tem-⁴

1495 1879 1700 1967 pore
1735 1853 1948 1936 inter
1978 1852 2222 1966 vjvos
2261 1844 2416 1936 effe
2451 1839 2807 1938 defiiffet.

1829 2017 2070 2130 Quin
2117 2019 2210 2108 &
2255 2019 2341 2104 in
2385 2017 2560 2136 ipso
2575 2086 2600 2129 ‚
2654 2018 2886 2135 quod
2919 2019 3266 2107 citatum
3302 2017 3459 2129 est,
3517 2014 3933 2106 Ludoviei
3968 2013 4505 2135 Imperatoris

1497 2183 1940 2301 diplomate
1957 2249 1982 2290 ,
2032 2213 2205 2271 non
2255 2181 2512 2273 Hess'o
2561 2185 2830 2272 noster
2847 2252 2870 2295 ‚
2941 2182 3075 2274 sed
3106 2183 3345 2274 filius'
3362 2185 3533 2298 ejus
3570 2157 4079 2300 Rudolphus=
4096 2179 4352 2270 Heffo
4382 2187 4505 2269 in-

1499 2351 1984 2470 telligendus
2033 2351 2190 2442 effe
2239 2353 2585 2476 videtur.
2702 2352 3233 2474 Postponitur
3300 2359 3521 2442 enim
3589 2349 4041 2470 Rudolpho
4094 2349 4270 2441 III.
4334 2353 4509 2438 non'

1498 2521 2117 2640 postponendus
2134 2591 2158 2634 ‚
2211 2523 2271 2611 fi
2317 2553 2468 2642 per
2502 2521 2955 2614 Hess'onem
3003 2525 3264 2614 frater
3306 2546 3511 2612 natu
3556 2526 3826 2638 major
3869 2517 4293 2635 Rudolphi
4325 2515 4509 2608 III.

1502 2690 2099 2805 indigitaretur.
2211 2691 2613 2782 Erratum
2666 2723 2867 2812 ergo
2922 2701 2973 2783 ὲ
3026 2691 3497 2788 Secretario
3550 2694 4086 2812 Imperatoris
4142 2693 4227 2776 in
4276 2687 4511 2806 voci·
4630 2677 4635 2684 ’

1507 2860 1662 2946 bus
1691 2859 2039 2976 patruis
2071 2859 2256 2976 suis
2275 2931 2299 2974 ‚
2373 2893 2566 2950 cum
2606 2861 2817 2951 alter
2848 2883 3175 2964 tantum
3207 2875 3553 2982 patruus
3572 2929 3596 2974 ‚
3652 2861 3854 2951 alter
3890 2858 4287 2980 patruelis
4316 2853 4511 2944 Fri-

1510 3022 1760 3112 derici
1794 3023 1916 3115 II.
1970 3023 2478 3120 Marchionis
2533 3030 2807 3125 fuerit.

2840 3322 2918 3443 ς.
3049 3316 3165 3415 x

1823 3486 2486 3663 Irmengardim3
2541 3549 3048 3663 Eberhardi‚
3105 3551 3457 3644 Comitis
3504 3543 4242 3669 Wirtenbergenfis
4288 3542 4515 3638 soro?-

1500 3744 1720 3826 rem,
1775 3714 2126 3807 Hefl'oni
2173 3718 2452 3807 nostro
2505 3724 2948 3838 conjugem
2994 3722 3362 3835 juniores
3399 3718 3741 3839 quidam
3774 3722 4149 3809 tribuunt
4184 3718 4519 3838 scripto-

1502 3912 1694 3987 res3
1787 3882 1888 3974 A.
1929 3915 1968 3970 1
2013 3910 2064 3998 3
2107 3916 2146 3972 1
2191 3910 2268 4004 7.
2317 3880 2803 3979 defunRam
2873 3880 3030 3980 effe
3078 3890 3541 3981 statuentes,
3580 3893 3627 4004 (
3640 3894 3736 4009 ὰ)
3852 3889 3973 3977 At
4022 3918 4520 3977 monumen-

1511 4072 1696 4139 tum
1753 4048 2198 4166 sepulcrale
2215 4120 2239 4165 ‚
2329 4055 2555 4173 quod
2605 4060 2691 4144 in
2741 4060 3233 4147 monasterio
3282 4058 3623 4148 Bafileae
3668 4056 4018 4149 minoris
4052 4124 4076 4167 ‚
4166 4056 4521 4174 Klingen

1515 4218 1816 4307 dicitur
1845 4284 1870 4327 ‚
1962 4218 2314 4338 superest
2343 4286 2368 4332 ‚
2454 4186 2792 4314 Claram
2851 4227 3196 4316 custodit
3230 4296 3254 4340 ,
3338 4258 3590 4345 quam
3654 4256 3769 4315 ex
3836 4226 4165 4344 Klingae
4230 4226 4523 4335 Dyna-‘

1519 4394 1660 4482 stis
1709 4416 2204 4512 prognatam
2251 4400 2329 4482 ei
2381 4397 2659 4483 tribuo
2709 4426 3097 4487 uxorem.
3214 4396 3512 4485 Annus
3546 4400 3840 4487 mortis
3892 4399 3977 4485 in
4028 4390 4297 4509 lapide
4330 4393 4521 4506 ejus

1519 4558 1946 4676 sepulcrali
1979 4560 2294 4651 deletus
2335 4564 2466 4651 est.
2499 4565 2668 4679 (b)
2805 4630 2811 4637 -
4254 4535 4259 4539 ¹

1715 4862 1854 4971 ζα)
1893 4862 2055 4931 Rn-
2075 4890 2121 4933 ‘r
2141 4888 2187 4931 n:
2205 4889 2251 4931 n
2271 4888 2495 4935 snus
2513 4894 2540 4934 1
2563 4894 2611 4937 u
2629 4893 2665 4937 s
2694 4871 3009 4959 Genealog.
3039 4874 3331 4954 Tabam-J.
3362 4876 3433 4943 δε
3460 4876 3717 4960 reliqui.

1725 4972 1840 5049 (b)
1884 4974 2157 5057 Legitur
2186 4977 2316 5041 ibi:
2360 4976 2428 5042 V
2424 4997 2622 5047 rouua
2646 4978 2833 5049 clara
2858 4982 3366 5067 Marggroevinne
3388 5006 3505 5051 von
3526 4982 3757 5050 Radia.
3856 4978 4177 5052 waltheri
4202 4983 4467 5055 Domini
4488 4978 4531 5053 δ
