5185 6276
977 958 1296 1033 curn.

1353 808 1528 897 282
1811 788 2402 883 H1sroR.
2515 752 3293 885 Bannrtsrs
3408 788 3923 892 Lrn.IV.

1352 1058 1512 1215 pus
1527 1160 1552 1205 ,
1585 1122 1835 1213 quem
1882 1074 2270 1217 dein‘ceps
2298 1098 2936 1219 appellaverunt
2968 1098 3439 1221 Ingenuum
3452 1168 3477 1214 ‚
3508 1108 3594 1195 in
3620 1102 4107 1205 Electoratu
4142 1110 4379 1199 Pala-

1349 1272 1530 1363 tino
1579 1266 1912 1357 futurus
1961 1264 2392 1379 successor,
2467 1270 2881 1361 ofito'tum
2924 1302 3338 1364 annorum
3366 1298 3615 1395 puer,
3666 1280 3817 1367 ubi
3868 1279 4371 1392 adoleverit,

1349 1436 1698 1527 Otiliam
1715 1508 1739 1551 ‚
1772 1436 2128 1560 Philippi
2155 1462 2496 1559 neptem
2513 1506 2539 1554 ,
2596 1436 2940 1533 duceret
2973 1470 3333 1535 uxorem
3352 1512 3378 1561 ,
3432 1468 3701 1568 atque
3724 1406 3949 1540 'adeo
3966 1446 4371 1542 Cattime·

1345 1604 1790 1697 libocenses
1821 1630 2084 1695 terras
2113 1636 2312 1695 cum
2349 1600 2757 1697 Palatinis·
2771 1608 3216 1728 aliquando
3253 1580 3807 1733 conjungeret.
3882 1634 3889 1645 '
4040 1612 4325 1708 Otiliae
4344 1680 4369 1724 ‚

1345 1782 1798 1899 pubertatis
1846 1804 2119 1865 annos
2165 1768 2544 1895 ingressae
2563 1844 2586 1887 ,
2662 1758 2971 1899 procos
3022 1780 3240 1867 inter
3288 1760 3933 1902 Christop‘horus
3982 1780 4369 1874 Badenfis

1313 1935 1828 2077 'comparuit
1912 1946 2384 2038 Fridericus
2414 1940 2776 2060 Elector,
2810 1948 2916 2041 de
2950 1950 3351 2071 augendis
3385 1950 3783 2044 Palatinae
3817 1949 4155 2047 Domus
4186 1962 4371 2075 op'i·

1343 2126 1500 2215 bus
1545 2148 1741 2213 ante
1775 2149 2089 2213 omnes
2153 2118 2364 2209 alios
2407 2116 2842 2227 sollicitus,
2897 2117 3003 2223 A.
3058 2120 3297 2239 1467.
3334 2100 3749 2240 Philippi,
3800 2110 4369 2213 'novendecim

1338 2314 1528 2383 tum
1567 2289 1833 2383 annos
1868 2290 2040 2381 nati
2055 2362 2078 2405 ,
2113 2288 2219 2381 ad
2257 2286 2855 2441 contrahendas
2890 2284 3041 2377 has
3073 2290 3404 2409 nuptias
3432 2288 3849 2408 requisivit
3876 2288 4371 2399 consensum,

1342 2488 1594 2583 atque
1623 2464 2040 2553 solennem
2073 2464 2230 2552 hac
2267 2460 2499 2583 super
2531 2488 2627 2549 re
2658 2454 3203 2576 Conventum
3252 2455 3327 2549 d.
3375 2458 3421 2548 Ι
3436 2456 3550 2549 Χ.
3608 2452 3834 2579 Sept.
3868 2454 4367 2554 Heidelber-

1147 2752 1152 2757 ἡ
1337 2666 1476 2755 gae
1507 2632 1888 2738 instituit3
1971 2631 2074 2721 ad
2107 2660 2356 2749 quem
2377 2626 3003 2723 -wormatienfis
3041 2632 3130 2723 &
3167 2629 3571 2751 Spirensis
3600 2628 4023 2752 Episcopi,
4092 2628 4367 2751 Magi·-

1311 2808 1494 2907 ster
1530 2804 1876 2897 Ordinis
1909 2802 2394 2915 Teutonici,
2464 2804 3025 2924 praecipuique
3052 2800 3302 2894 Aulae
3336 2800 3745 2897 Palatinae
3780 2788 4363 2927 proceres'vo·

1337 2972 1524 3069 cati.
1644 2975 1816 3069 Sed
1849 2999 2146 3065 contra
2177 3002 2516 3065 omnem
2547 2972 2619 3063 F
2620 2974 2951 3063 riderici
2982 2974 3203 3093 spem
3238 2974 3657 3097 Philippus
3690 2976 4081 3098 sponsalia
4125 3008 4361 3069 recu-

1330 3151 1538 3268 savit
1579 3147 2056 3271 praefra&e;
2140 3177 2311 3236 non
2347 3141 2605 3234 ‘semel
2658 3143 2993 3234 testatus
3012 3213 3037 3258 ‚
3114 3143 3217 3236 ad
3252 3148 3699 3240 ineundum
3728 3128 4363 3280 matrimonium

1225 3441 1237 3454 ·
1329 3327 1608 3412 aetatis
1629 3317 1720 3439 ¹,se
1756 3318 2129 3408 nondum
2163 3315 2322 3408 effe
2355 3341 2743 3408 maturae.
2858 3315 3093 3430 Quin
3132 3316 3221 3406 ὅ(
3260 3315 3582 3436 insuper
3620 3319 3966 3432 addidit,
4002 3315 4250 3406 malle
4282 3315 4358 3406 se

1329 3521 1450 3584 ex
1515 3486 1998 3608 Principum
2019 3553 2046 3597 ‚
2115 3515 2367 3606 quam
2419 3515 2534 3575 ex
2575 3485 3035 3576 Comitum
3084 3483 3327 3574 class'e
3375 3483 3810 3604 aliquando
3861 3486 4007 3571 fibi
4058 3481 4361 3600 eligere

1331 3689 1716 3778 tutorem.
1827 3655 2172 3758 Eleaot
2200 3659 2669 3812 indignatus
2700 3655 3101 3779 repulsam
3140 3719 3165 3765 ,
3204 3623 3353 3782 ,εἱ-ε’
3376 3657 3511 3747 sua
3541 3655 3955 3752 Palatinas
3988 3683 4125 3746 res
4162 3684 4355 3774 pro·

1324 3787 1724 3920 movendi
1755 3823 2184 3952 voluntate
2216 3799 2477 3919 multa
2503 3827 2889 3946 testatus,
2922 3825 3036 3918 ad
3056 3829 3582 3950 posterorum
3600 3830 4116 3932 memoriam,
4156 3853 4353 3944 quae

1325 3997 1552 4118 gesta
1579 3995 1778 4107 sunt,
1802 3993 2019 4110 juffit
2051 3995 2466 4114 perscribi.
2584 3943 3234 4089 Instrumentum
3253 3991 3845 4148 Heidelbergae
3878 3993 4353 4086 confestum

1327 4164 1466 4254 die
1495 4141 1894 4252 Mercurii
1927 4159 2106 4281 post
2131 4163 2615 4255 Nativitatis
2646 4161 2976 4258 Mariae
3064 4165 3347 4257 Patrui
3378 4141 3811 4259 confilium
3840 4167 4259 4288 Philippus
4294 4167 4357 4257 fi
4466 4282 4473 4294 Ι

1327 4337 1595 4428 fmffet
1639 4331 2008 4450 secutum,
2063 4335 2298 4427 dives
2344 4335 2484 4425 ille
2531 4335 3329 4477 Cattimelibocenfis
3396 4337 3869 4429 Comitatus
3919 4339 4024 4427 ad
4058 4337 4352 4427 Palati·

1093 4511 1101 4519 ’
1145 4483 1152 4497 ’
1187 4509 1199 4598 ζ
1249 4545 1254 4550 ·
1325 4481 1526 4598 nam
1558 4506 1900 4598 domum
1932 4503 2150 4596 haud
2181 4461 2428 4598 dubie
2463 4509 2978 4648 pervenisset.
3154 4507 3226 4598 F
3224 4500 3629 4599 ndencus
3684 4473 3879 4598 cum
3930 4505 4345 4623 Philippo,

1281 4719 1292 4734 =
1330 4677 1622 4769 Otiliae
1653 4699 1860 4790 avc,
1917 4707 2108 4768 cum
2142 4675 2532 4782 Dominis
2563 4655 3001 4770 feudorum
3036 4710 3171 4770 res
3208 4651 3324 4771 ita
3358 4683 3893 4772 ordinaturus
3922 4682 4237 4787 fuerat,

1327 4845 1812 4939 succeffione
1846 4843 2101 4938 filiam
2133 4847 2582 4941 exclufiffet
2614 4876 2709 4984 ut
2742 4883 2859 4942 ex
2889 4849 3080 4942 filio
3090 4853 3380 4974 neptis,
