5185 6276
1015 3135 1213 3210 Uxor.

1451 695 1558 780 18
1903 677 2498 770 H1s‘ron.
2614 680 4005 776 BAnnns1s.L1n.1v.

905 794 910 800 η
1059 847 1385 922 Romu.
1434 861 3343 926 t:

1766 995 2154 1084 Abbatiae
2189 995 2725 1086 Gottsavienfi
2756 995 2903 1084 sex
2940 993 3269 1082 modios
3300 991 3627 1110 filiginis
3662 1059 3686 1100 ,
3756 1021 3873 1080 ex
3920 993 4243 1082 decima
4284 989 4443 1084 vil-

1439 1159 1548 1248 lae
1579 1162 1900 1251 Barcen
1933 1167 2374 1281 quotannis
2406 1169 2631 1281 perci
2634 1165 2983 1283 pbndos
3000 1231 3026 1272 ,
3082 1164 3379 1253 eodem
3429 1131 3651 1250 anno*
3694 1161 4021 1279 legavit.

1763 1333 1865 1422 A.
1908 1365 1945 1420 1
1975 1363 2100 1452 29
2129 1361 2194 1420 1.
2279 1333 2520 1423 mens.
2585 1334 2807 1452 Aug.
2878 1333 3372 1454 Rudolphus
3448 1334 3719 1450 senior
3778 1335 3871 1424 &
3918 1333 3989 1422 F
3990 1332 4432 1446 ridet-icus,

1435 1499 1960 1592 Marchiones
2007 1503 2410 1592 Badenses
2428 1571 2449 1612 ,
2507 1535 2707 1596 cum
2754 1505 3150 1596 Abbatiae
3198 1505 3806 1594 Monachorum
3838 1507 3923 1592 in
3978 1501 4203 1594 Alba
4254 1497 4433 1590 Ad-

1427 1677 1704 1759 vocati
1773 1670 2092 1760 fuiss'ent
2161 1671 2398 1760 eleffl
2421 1737 2442 1779 ,
2533 1673 2635 1760 de
2678 1673 3037 1791 pristinis
3088 1681 3167 1762 ei
3219 1697 3625 1764 caverunt
3668 1675 3985 1788 juribus
4042 1698 4427 1787 novaque

1422 1839 1852 1958 privilegia
1897 1844 2403 1933 addiderunt.
2441 1844 2654 1958 (p)
2764 1843 3233 1933 Advocatia
3270 1847 3455 1932 haec
3492 1847 3611 1932 eis
3645 1867 4089 1961 propterea
4120 1835 4425 1928 collata

1417 2007 1578 2095 fuit
1597 2079 1618 2120 ‚
1693 2016 2090 2127 quoniam
2137 2041 2260 2099 ex
2313 2011 2796 2100 Ebersteinii
2844 2010 3316 2102 Comitibus
3336 2082 3360 2123 ,
3440 2013 3917 2100 monasterii
3966 2009 4423 2100 fundatori-

1419 2179 1576 2262 bus
1595 2245 1617 2286 ,
1672 2175 2145 2292 sanguinem
2180 2208 2327 2295 per
2357 2203 2708 2264 matrem
2742 2181 3177 2296 aviamque
3209 2155 3789 2296 Cuuigundam
3826 2171 4256 2265 ducebant.
4274 2177 4420 2288 (q)

1411 2337 1711 2427 Eidem
1741 2339 2134 2430 Abbatiae
2169 2346 2271 2434 de
2317 2347 2714 2436 reditibus
2761 2344 2917 2436 suis
2966 2353 3055 2436 in
3087 2347 3445 2467 Malsche
3498 2350 3710 2444 XV.
3757 2351 4141 2438 malteras
4177 2346 4416 2461 filigi-

1408 2509 1536 2592 nis
1574 2535 1793 2595 anno
1833 2507 2196 2628 sequenti
2230 2511 2728 2633 Rudolphus
2767 2518 3131 2609 donavit.
3160 2522 3341 2638 (r)
3448 2522 3627 2638 Qui
3664 2547 3855 2611 cum
3884 2545 4119 2640 patre
4150 2519 4411 2640 sepul-

1407 2697 1538 2760 tus
1579 2674 1692 2762 est
1723 2677 1807 2762 in
1845 2673 2174 2767 Sacello
2207 2677 2554 2772 Lucidae
2571 2681 2841 2776 Vallis
2876 2683 2983 2774 A.
3025 2717 3065 2774 1
3090 2717 3215 2803 29
3240 2713 3312 2802 5.
3361 2691 3532 2808 (s)

2714 2953 2796 3074 ς.
2910 2945 3077 3051 v1.

1729 3064 2318 3213 Adelheidem
2339 3189 2364 3229 ‚
2433 3125 2756 3245 absque
2790 3127 3069 3221 sobole
3105 3131 3327 3223 exse
3356 3131 3745 3253 suscepta,
3820 3137 4164 3227 viduam
4212 3135 4400 3225 reli·
4498 3170 4521 3193 ³

1399 3296 1625 3410 quit,
1683 3321 1874 3409 quae
1903 3292 2256 3383 Lucidae
2290 3293 2512 3385 Valli
2543 3328 2884 3417 quoque
2916 3300 3248 3391 XXX.
3280 3304 3667 3393 malteras
3700 3289 4023 3425 siliginis
4056 3310 4275 3399 dedit
4304 3316 4391 3400 in

1803 3602 1849 3640 „
1936 3556 2004 3618 in
2029 3551 2458 3621 schwarzach
2491 3550 2883 3619 antediffim
2909 3552 2979 3621 &
3006 3558 3271 3631 nuntios
3300 3557 3592 3642 ejusdem
3630 3582 3749 3649 per
3778 3576 3982 3631 totam
4012 3582 4247 3636 terram
4274 3593 4394 3639 no-

1804 3740 1850 3775 „
1932 3691 2118 3756 stram
2157 3692 2265 3757 sub
2313 3693 2522 3759 nostra
2545 3696 2896 3779 recipimus
2938 3694 3348 3779 preteetione
3372 3696 3444 3763 ὅτ
3484 3698 3809 3767 condustu
3828 3748 3848 3784 ,
3894 3706 4189 3772 volentes
4222 3712 4392 3799 ipsos

1803 3877 1848 3915 ‚,
1935 3830 2045 3895 sub
2084 3830 2203 3896 alis
2227 3830 2455 3897 nostrae
2481 3830 2913 3917 proteffionis
2944 3833 3015 3900 δε
3042 3834 3431 3901 defensionis
3469 3842 3739 3908 existere
3763 3844 4054 3932 securos,
4108 3851 4388 3941 ipfisque

1803 4018 1848 4055 ‚‚
1933 3971 2146 4035 omnia
2177 3972 2318 4055 Jura
2359 3970 2466 4035 sua
2508 3972 2805 4055 capitalia
2824 4020 2843 4053 ,
2898 3991 3045 4055 quae
3088 3973 3447 4073 vulgariter
3487 3981 3788 4049 dicuntur
3816 3985 4017 4071 Faue,
4058 3990 4129 4058 δι
4156 3997 4384 4065 census

1803 4154 1848 4194 „
1929 4110 2075 4174 suos
2133 4110 2210 4174 ab
2266 4109 2565 4175 omnibus
2618 4110 2987 4175 hominibus
3041 4116 3227 4175 terroe
3280 4115 3494 4201 nostroe
3544 4120 3749 4185 incolis
3802 4123 3939 4189 dari
3989 4124 4061 4195 dt
4100 4134 4379 4217 persolvi

1778 4262 1839 4328 ·,‚
1925 4250 2358 4335 praecipimus.

1583 4384 1704 4463 (p)
1743 4375 1966 4443 Codex
1999 4380 2476 4465 Diplomaticus
2500 4378 2819 4449 Badenfis.

1581 4516 1703 4600 (q)
1745 4514 1896 4585 Vid.
1925 4514 2130 4601 cap.I.
2163 4518 2234 4601 S.
2251 4534 2341 4581 ιο.
2373 4536 2519 4603 pag.
2538 4535 2630 4587 ιο.

1579 4655 1702 4733 (r)
1743 4652 1899 4722 Cod.
1937 4656 2114 4764 Djpl.
2146 4658 2296 4727 Bad.
3036 4746 3047 4753 p

1577 4796 1694 4866 (s)
1735 4790 2152 4881 Epitaphium
2191 4796 2627 4893 inparthenio
2656 4796 2919 4867 Lucidae
2934 4798 3138 4870 Vanis
3160 4806 3274 4871 his
3310 4808 3559 4895 legitur
3596 4811 3850 4875 verbis:
3912 4812 4107 4883 Anno
4132 4814 4396 4888 Domi-x

1789 4938 1860 5001 ni
1885 4938 2220 5005 MCCXC
2229 4938 2310 5005 V.
2355 4941 2522 5007 obiit
2541 4940 2933 5024 Marggrave
2952 4940 3231 5029 Ruaotph
3256 4948 3367 5013 der
3392 4951 3511 5013 alte
3530 4968 3613 5013 an
3636 4946 3797 5012 Sunt
3828 4946 3903 5014 V
3892 4950 4269 5042 ahutinstag.
