5185 6276
1068 888 1222 967 Jon.
1262 892 1358 960 11.

1037 3426 1203 3496 Asta
1229 3429 1308 3494 ab

1035 3518 1120 3584 A.
1150 3532 1324 3595 1470.

1395 743 1608 826 ‚202
1887 716 2492 806 HIS-ron.
2610 712 3375 803 BADENSIS
3491 706 3997 800 L113.IV.

1431 1022 1733 1114 infesta
1763 1025 2110 1130 disceffit.
2144 1024 2344 1139 (x)
2463 1019 2993 1136 Moguntinae
3027 1018 3163 1107 hae
3200 1020 3477 1108 turbae
3506 1049 3729 1107 anno
3782 1016 4145 1135 sequenti
4194 1041 4457 1106 trans*

1431 1188 1756 1282 actione
1787 1191 2076 1310 sopitae
2111 1190 2310 1280 sunt.
2343 1192 2386 1300 (
2403 1194 2514 1309 y)
2604 1238 2607 1243 ·

1757 1359 2214 1451 Diuturnas
2267 1381 2554 1447 autem
2604 1386 2799 1445 cum
2846 1355 3314 1447 Trevirenfi
3357 1351 3727 1446 Civitate
3784 1352 3969 1444 lites
4028 1352 4133 1445 A.
4160 1384 4201 1440 1
4227 1380 4286 1470 4
4306 1354 4359 1441 6
4380 1380 4459 1467 9.

1421 1529 1843 1645 Johannes
1878 1530 2229 1647 denique
2263 1556 2364 1617 ea
2398 1527 2580 1645 lege
2616 1524 3077 1645 composuit
3092 1592 3115 1635 ‚
3172 1549 3267 1614 ut
3301 1527 3681 1644 suprema
3722 1524 4291 1643 jurisdifflone
4338 1522 4453 1612 sa-

1425 1730 1569 1789 cra
1601 1732 1700 1793 ac
1729 1702 1961 1792 civili
1994 1725 2318 1791 retenta
2337 1768 2360 1811 ,
2417 1683 3192 1793 scabinos'creandi
3214 1770 3240 1811 ‚
3274 1701 3699 1817 triumque
3730 1730 3855 1789 ex
3886 1700 4279 1819 opificum
4308 1700 4451 1786 tri-

1419 1871 1686 1959 bubus
1715 1874 2292 1990 magistrorum
2327 1872 3445 2009 constituendorumlservata
3474 1874 3905 1991 potestate,
3938 1894 4225 1961 cetera
4258 1900 4451 1959 cum

1417 2039 1651 2127 urbis
1682 2032 2162 2158 magistratu
2195 2045 2849 2132 communicaret
2864 2113 2888 2156 ‚
2946 2046 3339 2161 civesque
3378 2076 3427 2133 a
3456 2044 3813 2165 pedagio
3846 2045 3936 2134 ἃ
3956 2044 4311 2161 ripatico
4346 2040 4451 2129 ad

1417 2226 1742 2325 tempus
1773 2208 2080 2299 liberos
2108 2213 2713 2330 pronuntiaret.
2756 2194 2945 2327 (z)
4118 2164 4132 2193 ί

1737 2378 2066 2472 Eodem
2116 2414 2346 2473 anno
2395 2384 2821 2499 Johannes
2876 2387 3339 2477 liberorum
3395 2382 3681 2476 Caroli
3732 2382 4005 2470 fratris
4056 2376 4445 2499 sponsalia

1407 2550 1854 2666 magnifico
1907 2577 2303 2679 apparatu
2354 2555 2805 2648 celebravit
2838 2556 3415 2649 Confluentiae.
3530 2554 4077 2669 Zimburgam
4104 2571 4440 2667 neptem

1406 2716 1910 2838 Engelberto
1927 2791 1952 2831 ‚
2005 2722 2433 2817 Nassoviae
2469 2725 2828 2837 Comiti3
2884 2726 3281 2822 Ottiliam
3302 2801 3325 2844 ‚
3376 2727 3730 2846 Philippi
3751 2722 4437 2819 Catimelibocen-

1407 2886 1512 2977 fis
1546 2889 1898 3021 Comitis
1933 2890 2188 2983 filiam
2202 2960 2228 3002 ,
2286 2890 2883 3016 Christophoro
2920 2898 3367 2993 collocavit
3384 2968 3408 3013 ,
3466 2927 3588 2987 ex
3635 2895 3892 2985 fratre
3926 2889 4245 3011 Carolo
4294 2922 4439 2981 ne-

1403 3066 1606 3181 poti.
1663 3064 1836 3181 (a)

1578 3273 1584 3281 ·
2742 3231 2825 3351 §.
2970 3227 3079 3325 V.

1726 3347 1884 3494 A.
1950 3432 1982 3492 1
2011 3430 2070 3519 4
2087 3431 2136 3522 7
2161 3435 2240 3494 o.
2293 3403 2476 3494 lites
2526 3404 2996 3518 Johannem
3048 3411 3267 3494 inter
3312 3403 3887 3496 Trevirensem
3932 3404 4024 3496 δε
4074 3401 4149 3493 F
4144 3403 4445 3517 rideri-0

1401 3601 1596 3660 cum
1629 3571 2094 3686 Palatinum
2124 3569 2644 3694 Electorem²
2713 3597 2809 3664 ut
2844 3573 3573 3695 Spanheimensem
3603 3577 4021 3667 Comitem
4035 3643 4061 3685 ,
4117 3574 4428 3690 dejure

1400 3739 1487 3823 in
1534 3735 1966 3827 Mosellam
2021 3743 2355 3856 agitatae
2374 3812 2400 3854 ,
2475 3739 2863 3861 Georgii,
2936 3775 3057 3834 ex
3109 3745 3602 3838 Badenfium
3660 3747 3971 3837 familia
4032 3741 4430 3836 Metenfis

1469 3871 1482 3886 λ

1397 3907 1823 4029 Episcopi,
1877 3911 2270 4002 sententia
2318 3912 2809 4032 compofitae
2858 3911 3214 4047 fuerunt.
3354 3915 3771 4041 Georgius
3817 3915 4138 4038 Regale
4185 3917 4431 4032 hujus

1598 4325 1746 4410 (x)
1784 4327 1904 4392 Tn
1927 4349 1952 4391 1
1975 4349 2019 4391 ‘r
2038 4323 2150 4410 afr:
2166 4348 2224 4388 M
2243 4348 2272 4390 1
2291 4348 2344 4392 v
2359 4347 2393 4392 s
2429 4322 2649 4394 aaron.
2677 4327 2976 4416 Hirsaug.
3006 4331 3089 4395 ad
3114 4331 3199 4397 A.
3222 4333 3381 4404 1462.

1595 4463 1730 4546 (y)
1771 4461 1916 4531 Vid.
1943 4461 2126 4546 supra
2154 4461 2222 4526 in
2251 4463 2386 4527 vita
2420 4459 2535 4526 CA
2555 4483 2605 4526 ιι
2624 4485 2671 4529 o
2688 4487 2733 4530 ι.
2750 4486 2785 4530 1
2810 4465 3057 4532 March.

1591 4615 1720 4684 (z)
1764 4603 2187 4670 onwzn.
2242 4600 2467 4667 Annal-
2528 4601 2766 4670 Trevir.
2822 4605 2961 4673 Lib.
2990 4606 3207 4674 XIX.
3262 4625 3406 4692 pag.
3442 4621 3578 4685 297.
3662 4605 4223 4675 Krnumnxn
4266 4605 4413 4670 loco

1807 4737 2004 4821 alleg.
2048 4757 2196 4822 pag.
2215 4753 2345 4803 210.
2404 4741 2918 4808 conventionem
2956 4744 3124 4812 hane
3166 4754 3558 4830 conceptam
3604 4743 3873 4830 quidem
3900 4790 3919 4826 ,
3977 4741 4089 4806 sed
4126 4761 4254 4805 non
4297 4741 4416 4806 im-

1801 4867 2042 4953 pletam
2073 4869 2258 4934 fuifl'e
2287 4873 2510 4938 tradit.

1585 4999 1712 5078 (a)
1757 4994 2174 5063 Bnownn.
2201 4998 2328 5112 loc.
2356 4999 2552 5082 alleg.
3272 5031 3275 5034 ⁴
3599 5001 3615 5044 ⁹
