5185 6276
1138 631 2392 724 BERNHARDIANA
2514 631 3314 726 PER1onua
3565 655 3728 728 in

1466 799 3739 874 *z‘ss*
3787 805 4112 874 Eunus.

722 979 873 1040 nas
928 944 1273 1038 duraffet
1320 946 1631 1034 obfidio
1657 1017 1679 1057 ‚
1737 945 2290 1033 intercedente
2326 943 2754 1032 Dieterico
2789 942 3532 1063 Archi-Episcopo
3567 943 3736 1033 Co-

725 1113 1101 1220 lonienfi‚
1154 1113 1531 1226 Johanne
1572 1111 2221 1260 Herbipolitano
2255 1109 2668 1231 Episcopo
2699 1113 2792 1203 &
2821 1113 3169 1204 Alberto
3205 1114 3744 1203 Hohenloen·

724 1281 785 1370 fi
806 1279 1177 1389 comite,
1242 1283 1325 1367 in
1360 1280 1641 1370 castris
1676 1279 1785 1370 ad
1812 1277 2397 1396 Muhlbergam
2428 1305 2563 1365 res
2603 1277 3015 1367 transacta
3049 1279 3184 1366 est.
3218 1283 3390 1398 (o)

2010 1559 2088 1680 §-
2204 1557 2469 1652 xm.

1061 1734 1656 1886 conditiones
1690 1796 2178 1908 praecipuae:

928 1937 935 1959 ’
1071 1995 1141 2052 1.
1198 1931 1579 2049 Marchio
1632 1963 1909 2046 omnia
1961 1955 2179 2047 bello
2232 1957 2541 2068 ablata,
2617 1989 2786 2049 una
2819 1987 3012 2048 cum
3049 1961 3441 2050 reditibus
3482 1989 3760 2080 perce·
3793 1979 4068 2048 Trana-«-

739 2137 923 2253 ptiS‚
981 2127 1485 2219 Civitatibus
1517 2125 1901 2213 restituat.

1072 2321 1149 2387 2.
1203 2287 1455 2378 Liber
1490 2311 2008 2376 commeatus
2044 2319 2160 2378 ex
2203 2297 2452 2380 unius
2507 2296 2598 2380 in
2646 2293 2983 2386 alterius
3037 2321 3298 2388 terras
3352 2302 3720 2392 obtineat
3740 2371 3763 2410 ‚

749 2463 853 2550 ad
882 2487 1273 2548 normam
1310 2451 1911 2568 tzansastionis,
1949 2460 2165 2543 inter
2198 2455 2585 2572 Egonem
2626 2457 3048 2551 Comitem
3081 2463 3468 2580 Friburgi
3503 2465 3594 2554 ἃ
3625 2463 3765 2552 Ci-

747 2635 1047 2719 vitates
1059 2625 1588 2744 Brisgovicas
1624 2625 1851 2710 initae
1870 2621 1973 2709 A.
2000 2653 2040 2710 1
2078 2651 2128 2736 3
2150 2626 2203 2712 6
2227 2641 2303 2727 8.
2394 2613 2862 2714 Marchioni
2896 2651 3172 2718 tamen
3205 2631 3508 2721 evictio
3541 2661 3770 2720 com-

757 2817 985 2914 petat
1024 2795 1455 2882 hominum
1506 2793 2033 2910 propriorum
2053 2860 2075 2904 ‚
2134 2821 2203 2908 a·
2239 2793 2371 2880 die
2389 2859 2411 2899 ‚
2475 2821 2648 2911 quo
2681 2793 3154 2914 Hachberg.
3202 2796 3292 2887 &
3327 2793 3774 2912 Usenberg.

756 2968 1197 3083 Dynastias
1237 2941 1607 3054 obtinuit.

1086 3162 1160 3248 3.
1220 3127 1587 3237 Delicta,
1655 3159 1705 3216 a
1761 3125 2099 3217 subditis
2140 3126 2599 3221 Civitatum
2647 3125 2736 3222 in
2771 3129 3280 3222 Marchionis
3331 3136 3779 3225 ditionibus

763 3302 1177 3392 commissa
1207 3303 1547 3391 luantur
1581 3302 1957 3418 pecunia.
2053 3260 2317 3385 ‘Bona
2359 3306 2628 3418 capite
2662 3301 3108 3419 plexorum
3143 3326 3484 3423 propter
3516 3306 3783 3393 homi-

763 3472 996 3582 cidia,
1029 3478 1115 3561 in
1146 3472 1439 3561 iisdem
1471 3474 1719 3559 terris
1756 3490 2253 3587 perpetrata,
2292 3476 2676 3587 cognatis
2707 3502 2868 3589 pro
2905 3494 3132 3561 certa
3164 3479 3542 3592 pecuniae
3575 3476 3784 3566 sum-
3878 3476 3886 3483 ’

763 3672 903 3731 ma
934 3644 1479 3733 restituantur.
1564 3748 1571 3753 ,

1092 3842 1172 3932 4.
1228 3812 1625 3903 Actiones
1674 3808 1776 3899 de
1809 3808 2047 3897 bonis
2104 3826 2248 3891 aut
2294 3804 2591 3892 debitis
2611 3870 2634 3911 ,
2689 3806 2777 3891 in
2825 3803 3015 3894 foro
3060 3805 3451 3896 domicilii
3484 3832 3629 3897 aut
3662 3814 3784 3897 rei

774 3978 949 4069 fitae
984 3980 1527 4071 instituantur.

774 4336 1061 4363 ——

976 4470 1079 4555 (ο)
1120 4428 1397 4539 Bellum·
1414 4472 1541 4538 hoc
1586 4472 2053 4557 descripserunt
2080 4470 2199 4537 Un
2220 4488 2255 4535 s
2275 4494 2318 4535 τ
2338 4494 2367 4535 1
2387 4490 2469 4536 s1
2491 4494 2537 4537 u
2555 4490 2591 4536 s
2639 4475 2704 4535 in
2739 4468 2954 4535 chron.
2994 4468 3175 4555 Bastt.
3207 4470 3343 4535 Lib.
3361 4468 3473 4537 IV.
3516 4465 3660 4553 Cap.
3689 4485 3788 4543 24.

1189 4570 1747 4677 Remomus
1815 4608 2189 4675 SchnT.
2277 4604 2768 4674 Wnucmn.
2823 4608 2950 4683 loc.
2993 4607 3186 4689 alleg.
3237 4626 3385 4689 pag.
3427 4610 3524 4677 64.
3651 4604 3789 4671 SE-

1194 4775 1237 4817 n
1255 4772 1306 4817 A
1323 4772 1359 4817 s
1376 4774 1440 4816 τ.
1510 4752 1579 4815 Μ
1598 4775 1640 4819 u
1660 4774 1705 4817 n
1727 4772 1763 4819 s
1784 4774 1829 4817 τ
1850 4774 1895 4816 E
1911 4774 1957 4817 n
2031 4744 2457 4835 Cosmograph.
2517 4748 2655 4812 Lib.
2694 4746 2814 4812 ΙΙΙ.
2861 4766 3004 4832 pag.
3045 4756 3178 4819 809.
3265 4746 3314 4809 Β
3329 4768 3378 4811 n:
3395 4768 3442 4813 n
3459 4766 3702 4813 anan
3719 4766 3788 4813 n.

1192 4885 1259 4949 H
1276 4906 1321 4951 n·
1341 4908 1387 4951 R
1407 4907 1451 4951 z
1474 4908 1517 4951 o
1538 4906 1603 4953 G.
1628 4886 1844 4953 Chron.
1872 4883 2069 4975 Alsat.
2112 4888 2249 4953 Lib.
2272 4880 2447 4949 VIII.
2480 4882 2628 4967 Cap.
2652 4894 2737 4951 28.
2765 4902 2910 4967 pag.
2929 4886 3047 4953 136.

3797 2066 3969 2133 ustio

3801 2174 3950 2218 cum
3963 2151 4069 2218 Ci-

3799 2240 4133 2308 vitatibusso
