5185 6276
4013 449 4020 519 ί

1068 545 2328 640 ΒΕΈΝΗΑΚΦῚΆΝΑ
2438 543 3250 645 Ῥειιτωῦΐυὲ.
3555 577 3670 676 39
4017 522 4042 594 χ·

650 715 1347 795 m
1744 791 1747 796 ,
3717 725 4049 810 ammi.
4083 805 4090 809 ,

1735 870 1783 956 “.
1888 857 1967 980 5.
2084 857 2431 950 XXII.

976 969 1462 1142 Insequenti
1496 1039 1874 1146 tempore
1898 1024 2435 1118 ‘Bernhardus
2456 1030 2553 1113 in
2585 1058 2854 1117 novas
2887 1061 3080 1118 cum
3093 1031 3480 1153 Ruperto
3499 1031 3666 1121 Im-
3708 1049 3956 1203 fifrffis

649 1201 1039 1316 peratore
1088 1200 1377 1287 incidit
1418 1197 1641 1314 lites,
1700 1205 2168 1290 concitante
2202 1195 2704 1313 Moguntino
2731 1193 3155 1307 Elecffire,
3209 1200 3488 1291 multis
3544 1231 3663 1289 ex
3712 1223 3900 1290 cente

651 1367 911 1455 caufis
960 1363 1459 1486 Imperatori
1502 1369 1839 1459 infenso.
1950 1368 2311 1458 Oceafio
2360 1367 2553 1454 hinc
2605 1385 2806 1454 nata
2853 1365 3188 1476 foederi,
3244 1375 3472 1490 quod
3516 1376 3658 1489 Jo-
3702 1321 3954 1478 {2222

646 1539 963 1626 hannes
1013 1501 1575 1656 'moguntinus
1612 1609 1636 1652 ,
1728 1537 2255 1627 Bernhardus
2298 1534 2685 1632 'Marchio
2729 1607 2752 1647 ,
2841 1533 3381 1628 Eberhardus
3444 1541 3664 1634 Wir-
3705 1493 3850 1549 tum
3872 1485 4038 1570 Imp.

646 1714 1105 1828 tembergae
1136 1708 1448 1798 Comes
1468 1783 1491 1823 ,
1527 1739 1717 1797 cum
1750 1709 2117 1800 Civitate
2150 1706 2723 1828 Argentinenfi
2755 1713 2843 1802 &
2879 1712 3292 1831 plerisque
3327 1713 3667 1808 Sueviae

646 1887 1151 1978 Civitatibus
1196 1887 1281 1970 in
1332 1884 1981 2000 quinquennium
2026 1882 2457 1970 iniverunt
2521 1879 2894 1972 Marbaci
2916 1947 2938 1990 ,
3033 1882 3164 1970 die
3228 1880 3318 1972 S.
3369 1865 3670 1974 Crucis

644 2053 745 2142 A.
787 2087 829 2143 1
859 2082 916 2173 4
934 2087 989 2145 0
1015 2079 1090 2168 5.
1126 2058 1289 2166 (s)
2793 2025 2800 2032 ⁵

966 2222 1041 2312 F
1040 2222 1300 2311 oederi
1348 2218 1785 2337 Moguntia
1804 2290 1827 2330 ‚
1886 2214 2177 2337 spira,
2234 2216 2705 2310 Wormatia
2731 2221 2902 2335 (t)
2953 2222 3302 2342 aliaeque
3344 2225 3666 2318 Civitas

642 2409 765 2479 tes
815 2388 1309 2480 accefl'erunt
1354 2387 1444 2480 ὃ(
1492 2389 1707 2478 socii.
1848 2387 2287 2506 Exceptus
2336 2390 2674 2506 quidem
2727 2393 2816 2476 in
2844 2389 3195 2516 2foedere
3239 2392 3660 2513 Rupertus

639 2564 1143 2682 Imperator,
1200 2559 1333 2650 sed
1366 2560 1639 2649 addita
1682 2557 2196 2670 conditione,
2254 2581 2348 2646 ut
2379 2558 2986 2650 foederatorum
3007 2564 3196 2676 jura
3229 2567 3659 2660 conserva-

635 2753 808 2840 ret,
875 2759 1143 2847 neque
1207 2735 1297 2818 in
1346 2732 1592 2818 terris
1658 2727 2130 2815 hominibus
2220 2750 2367 2816 aut
2439 2730 2682 2818 bonis
2758 2726 2933 2816 ullo
2998 2733 3254 2820 modo
3323 2738 3442 2822 eis
3511 2739 3654 2824 da-

632 2935 922 2996 mnum
992 2904 1351 2991 inferret.
1526 2898 1851 3012 Quodsi
1928 2897 2386 2986 violaretur
2462 2901 2826 3027 conditio
2880 2969 2905 3011 ‚
3021 2903 3411 2994 adver-fus
3485 2905 3652 2994 Re-

634 3103 827 3193 gem
876 3095 1358 3189 ceterosque
1407 3099 1699 3159 omnes
1736 3140 1759 3181 ‚
1849 3067 2175 3157 foedere
2240 3099 2414 3160 non
2476 3072 3116 3191 comprehensos
3149 3142 3172 3181 ‚
3247 3103 3492 3194 opem
3551 3075 3652 3163 fi-

632 3248 719 3336 bi
763 3248 1123 3335 invicem
1176 3240 1365 3330 socii
1418 3242 1506 3332 &
1560 3239 1973 3327 auxilium
2025 3240 2587 3357 promifierunt.
2759 3241 3286 3329 Bernhardus
3323 3238 3470 3329 sex
3509 3242 3653 3331 ha-

626 3416 957 3505 stiferos
1006 3413 1083 3501 se
1132 3409 1562 3499 missurum
1617 3410 2018 3527 pmmifit3
2094 3409 2225 3499 sed
2275 3410 2841 3515 Ludovicum‚
2897 3403 3404 3523 Johannem‚
3461 3410 3652 3501 Ste-

624 3582 997 3702 phanum
1028 3583 1117 3671 &
1152 3577 1564 3667 Ottonem
1586 3649 1608 3691 ,
1658 3576 2073 3668 Palatinos
2108 3571 2526 3689 Comites,
2560 3579 2974 3697 speciatim
3009 3578 3360 3693 excepit.
3475 3578 3650 3697 Ipse

632 3782 830 3839 cum
860 3748 1361 3865 Moguntino
1396 3746 1781 3835 Ele6iore
1813 3746 1907 3837 &
1935 3737 2634 3867 Wirtembergico
2667 3746 3002 3837 Comite
3028 3812 3052 3859 ‚
3111 3747 3365 3835 literis
3417 3746 3516 3834 M
3515 3777 3647 3835 ar·-

544 3900 551 3907 ’
626 3918 819 4004 baci
872 3915 1076 4001 datis
1103 3985 1125 4027 ,
1199 3915 1301 4004 de
1353 3914 1669 4004 foedere
1718 3916 2065 4033 ejusque
2122 3920 2747 4009 conditionibus
2783 3914 3236 4005 Caesarem
3295 3918 3650 4007 reddidit

623 4090 1092 4179 certiorem.
1150 4086 1330 4199 (u)
1742 4224 1750 4234 ·
2350 4175 2379 4227 Χ

750 4272 1031 4360 hall.
1986 4376 1997 4390 ο
2350 4254 2449 4345 Μ

829 4565 958 4651 (s)
998 4562 1275 4629 Tabulas
1318 4560 1591 4625 foederis
1639 4564 1902 4626 exhibet
1942 4564 1995 4625 L
2012 4582 2324 4627 ΕΗΜΑΝ
2344 4584 2389 4625 Ν
2410 4584 2460 4627 tr
2477 4584 2511 4628 s
2558 4564 2696 4630 Lib.
2721 4564 2867 4635 VII.
2910 4562 3058 4648 Cap.
3084 4580 3171 4641 75.
3211 4584 3355 4649 pag.
3373 4536 3506 4643 78o.

826 4704 955 4785 (θ’
980 4704 1013 4771 Ι
1032 4728 1076 4771 n
1094 4720 1215 4769 nx
1256 4704 1299 4769 1.
1330 4704 1443 4770 cit.
1474 4702 1546 4769 &
1582 4705 1847 4769 Archiv.
1876 4704 2158 4789 Argent-

828 4842 967 4926 (ιι)
1008 4840 1142 4911 Wn
1158 4864 1203 4911 ια
1222 4864 1260 4909 c
1280 4864 1328 4907 x
1346 4862 1392 4907 ι
1409 4864 1477 4911 ιι.
1519 4844 1587 4906 in
1611 4842 1925 4929 qupamt.
1952 4844 2205 4911 Ardziv.
2232 4863 2377 4931 pag.
2398 4794 2535 4915 ἀπ’.
